3325 5134
1312 407 1741 474 *29-

338 613 528 680 quam
573 618 692 664 non
741 599 1076 666 admodum
1123 607 1220 667 est
1292 603 1628 669 verisimile
1720 603 2091 685 scriptorum
2159 620 2379 666 manus
2448 597 2713 683 vestigia

335 722 448 784 per
494 706 588 768 tot
635 707 886 770 saecula
933 726 1068 772 esse
1116 712 1379 774 servata.
1475 711 1534 775 3.
1611 709 1770 774 Cum
1814 709 1876 772 in
1922 709 2127 790 prisca
2172 707 2509 772 Latinitate
2558 708 2715 771 inter

336 810 678 876 locativum
725 814 788 876 et
821 813 1164 878 ablativum
1212 815 1509 897 distingui
1557 817 1801 894 soleret,
1851 814 1916 878 id
1961 814 2295 896 posteriore
2344 815 2549 878 aetate
2596 832 2713 876 non

334 914 464 979 iam
508 915 747 982 factum
793 921 1008 983 notum
1055 922 1167 986 est.
1261 921 1483 1001 Itaque
1552 920 1789 985 formae
1859 940 2015 1003 quae
2079 919 2310 984 habent
2353 919 2633 983 litteram
2680 939 2712 982 e

337 1022 618 1103 genuinis
665 1025 919 1089 remotis
965 1025 1232 1107 irrepere
1299 1028 1632 1107 potuerunt
1701 1026 1828 1091 sive
1896 1026 2232 1090 Latinitate
2278 1026 2415 1107 ipsa
2460 1024 2711 1089 florente

338 1127 468 1192 sive
513 1128 718 1194 medio
766 1149 822 1212 q.
874 1130 932 1195 d.
983 1149 1151 1197 aevo,
1226 1171 1299 1178 -
1377 1133 1466 1196 Ex
1515 1132 1711 1197 altero
1755 1134 1895 1198 utro
1940 1132 2135 1214 igitur
2186 1131 2406 1196 horum
2453 1129 2713 1195 fontium

335 1232 496 1296 illud
543 1253 576 1297 e
621 1234 870 1299 fluxisse
917 1239 1087 1317 puto,
1168 1237 1340 1318 Quae
1373 1257 1514 1302 61116
1559 1238 1652 1302 116
1699 1239 1839 1318 sint,
1875 1237 2177 1318 quidquid
2224 1236 2435 1300 dieunt
2472 1239 2711 1300 veteres

333 1341 730 1420 grammatici
800 1361 1043 1424 semper
1090 1344 1479 1408 scribendum
1524 1343 1730 1408 iudico
1800 1344 1945 1423 ruri,
2014 1341 2395 1423 Carthagini,
2444 1339 2708 1424 Sicyoni.

332 1445 470 1509 Non
514 1465 764 1527 prorsus
812 1447 1031 1512 eadem
1075 1469 1173 1513 res
1222 1452 1318 1514 est
1361 1449 1424 1513 in
1468 1449 1683 1514 formis
1730 1449 2079 1532 temporise,
2130 1447 2451 1532 temperise
2522 1450 2709 1529 atque

332 1551 520 1637 lucif'e
588 1552 838 1639 clarofa.
908 1543 1238 1637 ‘Temperi'
1309 1555 1473 1619 66116
1542 1558 1730 1638 atque
1774 1541 2146 1637 ‘temporis‘e'
2217 1554 2491 1635 itemque
2560 1543 2711 1618 ‘luci

334 1645 522 1724 claro'
571 1660 758 1741 atque
801 1649 967 1725 ‘luce
1013 1650 1203 1726 clara'
1253 1661 1523 1744 antiquis
1572 1661 1846 1726 diversas
1904 1661 2098 1725 1111666
2150 1679 2331 1726 voces
2377 1659 2710 1725 verisimile

333 1766 449 1828 661.
531 1763 687 1829 Cum
737 1785 877 1830 vero
924 1766 985 1830 in
1031 1766 1160 1831 illis
1208 1767 1358 1849 ipsis
1407 1786 1527 1849 quo
1559 1767 1847 1833 meliores
1894 1770 1959 1831 et
2002 1767 2128 1831 fere
2175 1766 2542 1831 vetustiores
2590 1766 2712 1830 sint

333 1869 596 1950 66111666,
647 1889 718 1935 66
767 1872 1148 1936 constantius
1175 1873 1456 1954 regulam
1493 1876 1727 1938 certam
1761 1873 2137 1952 confirment,
2189 1892 2331 1938 cum
2372 1872 2710 1936 Ritschelio

334 1978 399 2038 et
445 1975 543 2041 Fr.
592 1977 716 2040 Leo
763 1978 941 2058 facio,
993 1979 1098 2059 qui
1147 1997 1389 2060 semper
1435 1979 1813 2060 scripserunt
1857 1978 1985 2043 luci
2040 1979 2257 2061 (claro)
2320 1982 2383 2042 et
2426 1979 2707 2060 temperi.

335 2080 626 2161 Improbe
676 2083 840 2165 quod
887 2086 982 2148 est
1025 2084 1088 2148 in
1136 2085 1401 2149 editione
1447 2085 1680 2150 maiore
1728 2085 1829 2150 Ps.
1882 2085 2049 2148 1182
2097 2084 2413 2165 1611166161.

513 2187 596 2250 16
642 2189 916 2253 1611616
965 2209 1163 2271 quae
1211 2190 1514 2255 habent
1580 2191 1740 2254 vim
1813 2190 2175 2255 ablativo
2246 2191 2468 2255 casui
2536 2209 2710 2274 pro-

335 2290 608 2372 priam,
660 2298 755 2358 est
799 2295 1101 2360 traditum
1146 2297 1200 2360 i:
1256 2296 1458 2362 ruri:
1529 2297 1710 2362 Τ1116.
1762 2297 1907 2375 669,
1960 2298 2107 2375 693,
2156 2295 2343 2361 Most.
2396 2297 2563 2361 1076
2612 2297 2706 2379 (Ρ,

334 2397 392 2460 Α
439 2398 535 2461 his
581 2399 782 2464 tribus
827 2400 979 2465 locis
1027 2401 1245 2484 deest).
1325 2402 1570 2483 Duplex
1639 2421 1773 2466 esse
1843 2402 2012 2484 origo
2073 2405 2295 2484 potest.
2388 2403 2710 2467 Putaveris

333 2503 498 2566 enim
521 2503 820 2569 Plautum
865 2506 965 2570 hic
1012 2511 1084 2571 ut
1130 2508 1283 2572 alibi
1329 2507 1624 2589 stirpibus
1674 2527 1832 2588 quae
1880 2511 2100 2572 exeunt
2144 2508 2204 2571 in
2253 2511 2704 2586 consonantem,

330 2607 644 2674 addidisse
694 2612 926 2675 exitum
981 2613 1269 2694 stirpium
1315 2614 1620 2679 vocalium
1699 2626 1743 2679 ι’.
1838 2612 1995 2677 Sunt
2062 2613 2222 2676 enim
2294 2613 2458 2695 apud
2528 2633 2703 2678 eum:

351 2734 497 2778 611111
544 2719 723 2781 66166
771 2718 1138 2798 carnarium,
1187 2719 1438 2783 tramite
1485 2719 1703 2783 dextra
1749 2706 1868 2783 via
1927 2722 2111 2802 (quae
2168 2719 2489 2783 scribenda
2549 2719 2705 2784 duco

327 2810 539 2902 ‘carni‚
588 2811 893 2908 tramiti'.)
989 2823 1146 2889 Cum
1191 2843 1333 2889 vero
1379 2825 1514 2892 1116
1559 2825 1620 2888 16
1689 2825 1864 2889 libris
1932 2825 2369 2906 manuscriptis
2416 2825 2707 2890 finiantur

328 2927 544 2991 littera
590 2947 641 3008 e,
689 2929 901 3011 itaque
949 2930 1280 3012 aliquando
1347 2933 1621 2995 correcta
1692 2949 1827 2994 esse
1898 2932 2213 3012 appareat,
2286 2950 2429 2995 6666
2477 2931 2704 2995 mirum

330 3034 430 3112 sit,
483 3033 642 3098 siin
686 3035 821 3115 ipso
867 3035 1166 3100 vocabulo
1232 3035 1376 3114 ruri,
1447 3036 1509 3099 in
1557 3055 1677 3116 quo
1746 3035 1946 3101 multo
2012 3036 2260 3100 facilius
2330 3036 2556 3118 aliquis
2627 3038 2705 3101 ad

331 3139 760 3222 corrigendum
809 3141 1233 3219 inducebatur,
1283 3140 1442 3204 illud
1512 3143 1530 3204 i
1593 3141 1677 3205 sit
1723 3143 2055 3206 servatum.
2152 3142 2372 3223 Itaque
2420 3141 2499 3206 ad
2547 3142 2703 3206 alte-

330 3265 472 3308 rum
517 3245 748 3309 fontem
796 3246 991 3310 refero
1039 3250 1226 3328 atque
1275 3254 1424 3328 puto
1496 3247 1891 3311 librariorum
1939 3266 2139 3311 errore
2188 3235 2355 3311 ‘ruri'
2405 3249 2703 3330 scriptum

329 3370 466 3415 esse
513 3371 622 3433 pro
666 3341 870 3418 ‘rure'.
967 3351 1182 3416 Simile
1243 3356 1564 3417 senserunt
1630 3354 1699 3418 P.
1748 3354 1999 3435 Langen
2044 3354 2085 3419 l.
2134 3373 2182 3418 6.
2232 3373 2334 3436 pg.
2385 3355 2533 3434 308,
2620 3353 2701 3443 G.

330 3457 558 3523 Goerbi
647 3459 689 3524 l.
741 3478 789 3524 s.

511 3478 802 3628 Vinimus
852 3564 929 3628 ad
975 3565 1206 3629 formas
1252 3563 1474 3628 dubias
1499 3564 1710 3649 herij‘e,
1758 3565 2077 3647 peregrise,
2112 3565 2200 3648 (a)
2229 3565 2476 3651 manile,
2523 3585 2704 3647 prae-

328 3669 603 3751 fiscinij'e.
654 3707 733 3715 —-
807 3670 915 3734 De
965 3669 1333 3734 adverbio
1401 3671 1568 3734 heri
1585 3671 1607 3756 s
1624 3691 1675 3736 e.
1770 3669 1969 3735 Radix
2038 3673 2134 3735 est
2196 3670 2703 3752 Indogermanica

328 3775 528 3862 ghieS,
601 3775 755 3840 6661.
823 3773 1006 3854 χθές,
1078 3776 1433 3849 1166161666;
1505 3776 1769 3857 indeque
1838 3778 2042 3840 ortum
2130 3795 2263 3840 esse
2330 3775 2702 3841 adiectivum

324 3869 534 3945 ‘heris'
582 3884 693 3944 aut
735 3868 962 3944 ‘herus'
1009 3883 1175 3945 recte
1223 3880 1511 3958 creditur,
1581 3885 1768 3962 atque
1816 3881 1998 3946 huius
2048 3881 2338 3947 adiectivi
2395 3882 2701 3947 locativus

327 3987 408 4071 (si
456 3988 536 4051 ad
580 4006 800 4052 nomen
843 3976 1051 4051 ‘heris'
1099 3987 1278 4067 redit,
1328 3989 1439 4051 aut
1482 3987 1787 4051 locativus
1835 3989 1946 4050 aut
1990 3986 2326 4069 ablativus)
2360 3991 2456 4052 est
2478 3988 2698 4073 11611βό,

329 4094 496 4176 quod
542 4113 612 4157 ex
659 4093 1036 4175 correptione
1082 4093 1352 4158 iambica
1397 4093 1532 4158 fieri
1577 4096 1822 4175 poterat
1866 4091 2085 4178 herile.
2157 4095 2363 4176 Atque
2412 4095 2701 4177 quoniam

327 4219 513 4265 sonus
559 4200 667 4263 ille
717 4203 804 4285 Tse
855 4199 945 4263 ab.
979 4199 1153 4264 initio
1200 4219 1315 4264 non
1364 4204 1500 4264 erat
1545 4218 1755 4282 puruS,
1835 4202 1897 4264 et
1956 4201 2277 4281 praeterea
2322 4200 2383 4263 in
2428 4199 2547 4264 fine
2594 4221 2702 4265 vo-

328 4326 472 4369 cum
529 4311 559 4367 ῑ
605 4306 819 4370 abibat
862 4306 925 4368 in
970 4311 1024 4385 6,
1075 4325 1380 4387 sonusque
1455 4327 1485 4370 r
1553 4325 1697 4370 cum
1743 4303 2169 4387 praecedebat,
2229 4324 2445 4369 sonum
2492 4315 2529 4368 6·
2574 4325 2701 4370 661-

327 4413 536 4492 vabat,
585 4413 800 4492 postea
846 4411 1072 4492 duplex
1120 4414 1215 4475 est
1259 4414 1396 4476 orta
1441 4413 1640 4475 forma
1699 4411 2027 4476 heri-here.
2100 4409 2417 4489 Quatenus
2463 4411 2529 4475 id
2573 4412 2699 4475 iam

325 4519 532 4600 prisca
601 4519 661 4580 111
730 4517 1067 4581 Latinitate
1136 4518 1218 4580 sit
1285 4517 1540 4598 16611116,
1607 4517 1865 4581 dubium
1934 4522 2048 4583 est.
2162 4516 2451 4581 Fortasse
2509 4536 2701 4582 unum
