3325 5134
1529 411 2085 494 ---68--0

561 631 704 679 vero
749 611 810 678 in
857 613 1176 679 vocabulis
1225 613 1599 697 quibusdam
1645 612 1917 678 usitatis,
2011 612 2083 676 In
2146 611 2273 676 illis
2324 613 2535 676 autem
2582 609 2747 692 quod
2794 609 2947 674 atti-

564 722 668 785 net
716 720 794 784 ad
840 739 1164 785 numerum
1214 721 1614 802 singularem,
1665 719 1727 782 in
1772 719 1970 800 primo
2019 722 2081 782 et
2129 718 2324 782 altero
2386 717 2598 785 ordine
2646 717 2722 782 ab
2768 716 2945 780 initio

561 827 760 892 forma
807 827 1032 891 diversi
1079 829 1253 892 erant
1317 826 1622 892 locativus
1695 828 1759 890 et
1826 825 2157 904 ablativuS‚
2230 829 2293 888 et
2359 824 2421 888 in
2488 823 2671 888 tertio
2734 822 2945 888 ordine

562 933 822 997 Romani
871 933 1103 998 exitum
1150 932 1203 996 -i
1272 932 1463 996 etiam
1533 931 1611 996 ad
1682 931 1905 1012 stirpes
1976 949 2135 1013 quae
2204 933 2571 995 consonante
2629 929 2942 1008 finiuntur,

561 1039 1029 1119 transtulerunt,
1081 1058 1225 1104 cum
1293 1057 1506 1102 sensus
1579 1039 1715 1102 erat
1779 1037 2104 1102 locativuS.
2200 1034 2560 1108 Ceterorum
2628 1035 2945 1099 nominum

562 1144 868 1212 locativus
915 1145 1340 1224 evanescebat,
1390 1143 1643 1226 eiusque
1674 1143 1912 1208 vicibus
1957 1143 2333 1225 fungebatur
2375 1129 2480 1206 ‘in’
2528 1161 2670 1206 cum
2714 1141 2948 1204 instru-

562 1251 838 1316 mentali.
919 1249 1038 1316 Sed
1087 1250 1231 1332 quia
1277 1250 1370 1314 vis
1415 1250 1687 1314 locativa
1734 1249 2097 1332 saepissime
2143 1248 2337 1312 mixta
2384 1249 2519 1312 erat
2564 1247 2940 1312 instrumen-

563 1357 678 1420 tali
725 1359 788 1420 et
834 1356 1211 1436 comitativa,
1261 1356 1416 1420 adeo
1461 1360 1534 1420 ut
1578 1355 1889 1420 interdum
1934 1359 2079 1419 utra
2126 1357 2391 1439 superet,
2451 1373 2566 1419 non
2616 1353 2941 1435 dignosca-

561 1466 682 1543 tur,
731 1462 1040 1545 paulatim
1087 1482 1157 1527 eo
1203 1481 1300 1526 res
1347 1462 1550 1542 rediit,
1599 1464 1673 1526 ut
1717 1480 1855 1526 raro
1918 1460 2231 1526 ablativus
2295 1459 2691 1525 adhiberetur
2751 1459 2943 1523 etiam

565 1570 749 1651 plane
796 1568 1080 1648 locative,
1128 1568 1434 1651 imprimis
1481 1588 1517 1632 a
1562 1567 1781 1650 poetis,
1854 1567 1960 1650 qui
2008 1566 2222 1631 stilum
2271 1566 2694 1631 sublimiorem
2742 1567 2945 1629 secta-

563 1678 806 1753 rentur;
876 1675 938 1739 in
987 1694 1107 1757 quo
1154 1675 1288 1757 ipso
1335 1676 1544 1738 tamen
1604 1673 1938 1738 tenendum
1987 1675 2099 1752 est,
2149 1673 2413 1737 fortasse
2459 1672 2521 1736 in
2570 1671 2947 1753 quibusdam

566 1781 738 1846 nobis
787 1781 913 1844 vim
959 1780 1152 1845 videri
1197 1780 1552 1860 locativam,
1603 1779 1711 1844 ubi
1750 1779 2011 1845 Romani
2059 1778 2363 1844 senserint
2407 1778 2946 1842 instrumentalem

566 1887 740 1951 velut
783 1887 846 1950 in
892 1887 1094 1951 verbis
1143 1886 1347 1950 standi
1396 1890 1458 1950 et
1505 1886 1775 1952 sedendi.
1870 1886 2011 1949 Istis
2080 1885 2421 1950 rationibus
2470 1885 2695 1949 ductus
2741 1883 2945 1948 dicere

565 2013 680 2057 non
730 1992 943 2057 dubito
992 1996 1132 2057 ante
1181 1995 1452 2056 aetatem
1499 1992 1574 2057 de
1622 2011 1746 2074 qua
1792 1992 1967 2056 nobis
2026 1992 2251 2073 agitur,
2302 1993 2466 2056 certe
2512 2009 2628 2055 non
2676 1989 2943 2072 saepiuS,

568 2099 829 2162 fortasse
878 2098 1076 2162 rarius
1125 2097 1472 2162 ablativum
1519 2117 1654 2162 esse
1701 2101 2074 2180 usurpatum
2108 2117 2288 2162 sensu
2338 2097 2603 2162 locativo
2650 2113 2838 2178 quam
2884 2095 2949 2159 in

567 2204 805 2286 priscae
852 2204 1210 2268 Latinitatis
1257 2204 1691 2270 monumentis,
1784 2205 1875 2268 Ex
1943 2203 2169 2268 iisdem
2239 2203 2581 2268 rationibus
2654 2221 2795 2267 vero
2869 2201 2950 2266 ad

569 2309 913 2374 ablativum
961 2310 1479 2393 praepositionem
1528 2310 1879 2375 addendam
1914 2310 2090 2390 duce,
2142 2310 2519 2392 ubicumque
2565 2309 2629 2373 id
2662 2309 2947 2390 aliquan-

567 2421 703 2480 tum
749 2416 1080 2480 traditione
1126 2416 1400 2481 fulcitur.
1495 2416 1794 2480 Desidero
1863 2416 2057 2498 igitur
2102 2417 2165 2480 in
2214 2415 2585 2481 editionibus
2631 2415 2949 2498 praeposi-

567 2523 797 2586 tionem
847 2521 1049 2587 Oarm.
1099 2523 1294 2588 Marc.
1345 2525 1403 2602 2,
1453 2523 1600 2588 Luc.
1651 2523 1799 2601 505,
1850 2522 1996 2588 Acc.
2048 2523 2173 2587 537
2238 2522 2435 2606 (leget
2494 2522 2602 2585 ubi
2651 2521 2843 2586 habet
2886 2520 2947 2584 in

568 2629 718 2691 urbe
767 2627 1037 2711 agroue),
1087 2629 1232 2694 Acc.
1285 2631 1400 2703 543
1459 2631 1646 2710 atque
1712 2628 1804 2692 ita
1851 2628 2143 2711 explicari
2200 2630 2310 2691 aut
2380 2627 2693 2692 emendari
2739 2627 2947 2707 velim,

567 2738 638 2798 ut
687 2734 998 2798 ablativus
1045 2753 1228 2799 sensu
1273 2734 1541 2799 locativo
1588 2734 1821 2798 vitetur
1866 2734 2013 2800 Luc.
2054 2736 2198 2815 109,
2234 2734 2379 2800 Acc.
2410 2735 2513 2813 53,
2548 2735 2699 2800 Enn.
2733 2733 2947 2814 Epioh.

568 2841 717 2919 499,
766 2840 920 2907 Luc..
951 2842 1099 2920 278,
1147 2840 1241 2907 Pl.
1278 2840 1456 2906 anc.
1499 2839 1671 2905 Oonf.
1720 2840 1796 2904 de
1845 2840 2201 2922 quaestione
2240 2840 2475 2906 Keller.
2501 2840 2617 2906 1.s.
2653 2841 2775 2903 341
2814 2859 2947 2924 sqq,

746 2962 842 3027 De
891 2964 1163 3028 ablativo
1212 2965 1318 3045 qui
1367 2964 1677 3046 significat
1725 2983 1845 3046 quo
1916 2964 2065 3047 quid
2122 2967 2448 3029 moveatur
2492 2965 2619 3029 iam
2668 2965 2953 3046 disputa-

574 3069 797 3134 vimus,
890 3069 1081 3134 Recte
1151 3074 1294 3134 sunt
1363 3070 1720 3135 emendata:
1792 3070 1929 3136 Mil.
2005 3071 2173 3135 1009
2230 3071 2396 3135 foras
2466 3090 2605 3135 sum
2666 3089 2952 3152 egressus

571 3165 731 3257 (fori
779 3195 917 3240 sum
965 3163 1114 3258 egr.'
1162 3177 1275 3259 B);
1325 3176 1461 3242 Mil.
1501 3179 1673 3240 1215
1724 3176 2039 3258 egreditur
2085 3176 2248 3241 foras
2296 3164 2527 3261 (foris'
2564 3177 2726 3260 CD);
2783 3178 2951 3240 1268

571 3281 752 3344 eduxi
798 3282 962 3344 foras
1010 3271 1273 3362 (eduxit
1318 3269 1486 3346 foris'
1534 3281 1632 3365 B).
1727 3281 2061 3346 Ablativus
2108 3302 2289 3346 casus
2330 3283 2492 3346 enim
2538 3302 2647 3364 pro
2694 3301 2954 3346 accusa-

570 3387 698 3450 tivo
744 3387 864 3450 loci
910 3407 1026 3452 non
1074 3389 1170 3451 est
1199 3387 1317 3450 nisi
1363 3387 1424 3449 in
1460 3385 1835 3469 quibusdam
1881 3375 2235 3451 ‘adverbiis'
2285 3392 2470 3470 atque
2516 3388 2949 3453 locutionibus

747 3505 955 3575 Etiam
1014 3529 1214 3592 pauca
1272 3512 1512 3574 restant
1579 3509 1891 3589 adverbia,
1966 3529 2123 3593 quae
2187 3511 2417 3578 habent
2461 3513 2727 3576 formam
2776 3512 2954 3576 abla-

572 3617 702 3697 tivi,
754 3636 1014 3698 quorum
1060 3619 1270 3680 tamen
1315 3635 1464 3680 usus
1512 3636 1627 3681 non
1678 3635 1749 3680 ex
1794 3616 1856 3680 vi
1909 3616 2046 3698 ipsa
2096 3617 2367 3682 ablativo
2415 3618 2661 3700 propria
2709 3622 2803 3682 est
2850 3637 2953 3682 ex-

574 3722 916 3805 plicandus
1011 3723 1104 3786 De
1151 3722 1227 3786 iis
1273 3722 1432 3786 infra
1481 3722 1801 3788 disseram.

688 3954 748 4020 C.
811 3952 901 4020 De
947 3971 1106 4021 casu
1153 3953 1533 4020 accusativo
1581 3957 1646 4020 et
1693 3953 2028 4021 adverbiis
2077 3973 2244 4039 quae
2291 3954 2436 4022 eius
2485 3959 2639 4022 sunt
2684 3956 2851 4023 loco.

755 4112 848 4175 De
895 4111 1096 4175 forma
1144 4112 1485 4176 accusativi
1545 4112 1862 4177 nominum
1922 4112 2009 4176 nil
2055 4113 2478 4179 memorabile.
2572 4113 2954 4178 Adverbium

577 4237 651 4282 ne
699 4237 891 4281 unum
938 4217 1190 4298 quidem
1237 4220 1403 4282 certo
1439 4218 1518 4282 ad
1561 4218 1899 4283 accusativi
1931 4219 2195 4284 formam
2242 4219 2521 4300 refertur,
2573 4239 2955 4302 quamquam

579 4344 721 4389 cum
768 4322 1303 4388 verisimilitudine
1348 4313 1511 4404 ‘hu0,
1581 4325 1763 4404 istuc,
1835 4312 2028 4404 illuc',
2101 4327 2164 4388 et
2229 4325 2492 4390 fortasse
2540 4325 2727 4389 etiam
2795 4315 2953 4406 ‘hoc,

578 4430 754 4510 istoc,
804 4415 988 4495 illoc'.
1086 4429 1227 4493 Vim
1281 4430 1511 4494 habent
1579 4430 1918 4496 accusativi
1986 4430 2126 4509 loci,
2201 4450 2580 4514 quamquam
2650 4451 2686 4494 a
2754 4432 2955 4496 forma

581 4531 839 4598 ablativi
886 4539 1028 4599 sunt
1073 4536 1367 4617 profecta,
1417 4536 1713 4600 adverbia
1783 4534 1886 4617 ec,
1942 4537 2080 4617 ist0,
2150 4537 2280 4619 illo,
2353 4557 2493 4619 quo,
2541 4536 2719 4617 intre,
2767 4542 2951 4617 retro,
