3325 5134
1343 369 1772 434 „21-

372 561 580 624 aetate
639 579 675 624 a
745 579 889 627 sono
944 579 1097 643 puro
1145 573 1175 623 ῑ
1219 581 1338 626 11011
1406 562 1534 626 13111
1605 562 1948 631 differebat.
2021 563 2217 628 voluit
2284 563 2447 628 enim
2517 563 2741 630 Accius

371 665 718 747 quamlibet
762 678 793 728 ‘1'
837 667 1256 749 (productam)
1317 668 1503 734 scribi
1541 668 1616 748 ei,
1682 669 1844 752 quod
1904 673 2307 752 praeceptum
2370 672 2578 734 tamen
2625 690 2739 734 non

369 771 696 852 pervaluit.
791 773 964 853 Quae
1009 792 1152 838 vero
1197 773 1387 838 fuerit
1429 774 1614 839 huius
1663 775 1794 840 soni
1842 777 2064 840 natura
2112 777 2316 840 aetate
2348 775 2575 856 Plauti,
2625 795 2739 841 non

368 877 460 942 ita
509 879 767 958 constat,
816 881 890 942 ut
933 878 1022 943 nil
1067 877 1472 944 dubitationis
1519 880 1925 962 relinquatur.
2006 882 2237 945 Tamen
2283 881 2409 946 iam
2458 883 2595 945 tum
2645 881 2741 945 vix

367 983 448 1047 ab
497 994 528 1046 ῑ
572 1003 728 1067 pura
774 983 1160 1067 discrepasse
1190 985 1559 1066 putaverim,
1607 1005 1755 1050 nam
1787 986 1868 1051 ad
1901 1006 2214 1050 summum
2248 987 2566 1068 sexaginta
2601 987 2741 1052 anni

373 1092 518 1154 sunt
559 1089 865 1156 interiecti
910 1090 1068 1154 inter
1113 1089 1326 1156 Plauti
1373 1093 1435 1156 et
1479 1091 1629 1156 Acci
1680 1094 1971 1157 aetatem.
2053 1092 2225 1172 Quae
2272 1111 2415 1157 cum
2459 1093 2550 1157 ita
2597 1092 2736 1172 sint,

368 1195 560 1261 etiam
603 1195 712 1261 ille
761 1215 944 1262 sonus
989 1196 1336 1262 reddendus
1384 1197 1537 1262 mihi
1582 1198 1830 1263 videtur
1874 1197 2088 1263 littera
2119 1198 2158 1277 i,
2208 1198 2324 1263 nisi
2370 1198 2432 1263 in
2480 1198 2739 1280 quibus-

369 1301 516 1366 dam
564 1302 748 1368 certis
797 1302 872 1367 de
920 1302 1124 1368 causis
1171 1303 1248 1367 ab
1293 1303 1316 1366 i
1362 1323 1517 1386 pura
1565 1304 1877 1368 diversum
1924 1304 2117 1368 fuisse
2165 1305 2478 1386 probatur.

543 1410 586 1475 J
589 1428 692 1473 am
761 1408 841 1473 ad
906 1409 1159 1474 locativi
1227 1411 1567 1474 formarum
1635 1429 1861 1493 genera
1929 1414 2337 1477 transcamus,
2444 1410 2737 1476 Locativo

366 1515 606 1579 numeri
650 1515 911 1596 pluralis
957 1515 1019 1580 in
1065 1516 1240 1580 nulla
1285 1515 1695 1581 declinatione
1739 1516 2023 1599 proprius
2070 1519 2166 1580 est
2210 1517 2427 1596 exituS,
2477 1515 2586 1581 sed
2632 1535 2737 1582 ea-

365 1619 510 1684 dem
556 1620 754 1685 forma
801 1625 896 1686 est
925 1640 1036 1703 pro
1062 1620 1288 1702 dativo,
1341 1621 1632 1702 ablativo,
1683 1622 1969 1702 locativo,
2016 1622 2491 1702 instrumentali,
2540 1641 2737 1706 neque

365 1728 464 1790 est
509 1725 1000 1793 demonstratum
1071 1728 1208 1809 quis
1279 1747 1350 1792 ex
1417 1728 1514 1792 his
1583 1729 1833 1794 casibus
1902 1731 2137 1794 ceteros
2196 1728 2258 1792 in
2306 1749 2370 1792 se
2416 1729 2733 1811 receperit.

366 1832 659 1898 Ceterum
705 1833 781 1898 de
828 1835 1026 1898 forma
1071 1834 1157 1897 nil
1204 1834 1627 1900 memorabile.
1722 1835 1815 1898 De
1882 1835 1939 1898 vi
1990 1837 2218 1913 autem,
2283 1834 2572 1916 quoniam
2617 1836 2734 1899 hac

365 1939 601 2004 formae
647 1940 835 2022 vulgo
882 1959 991 2022 pro
1039 1940 1333 2005 ablativis
1380 1940 1705 2017 habentur,
1755 1960 1956 2022 pauca
1989 1941 2284 2020 dicemus
2336 1961 2477 2006 cum
2512 1940 2590 2004 ad
2625 1941 2734 2004 ab-

362 2044 631 2132 lativum
677 2046 794 2110 erit
838 2050 1219 2128 perventum.

539 2151 616 2216 In
662 2152 962 2234 singulari
1007 2152 1180 2218 nobis
1227 2171 1348 2216 una
1402 2151 1787 2234 respicienda
1835 2154 1930 2217 est
1972 2151 2327 2218 terminatio
2373 2153 2639 2234 genuina
2684 2156 2731 2218 ἵ.

363 2258 537 2338 Quae
585 2257 638 2322 si
686 2257 1031 2323 addebatur
1080 2257 1159 2322 ad
1206 2259 1428 2340 stirpes
1475 2258 1661 2340 primi
1708 2261 1771 2322 et
1804 2257 2055 2322 secundi
2087 2257 2336 2337 ordinis,
2389 2278 2532 2323 cum
2565 2259 2732 2323 exitu

363 2383 402 2427 a
448 2365 549 2428 vel
596 2363 689 2444 eso
738 2364 1127 2430 coalescebat
1171 2365 1236 2429 in
1282 2366 1341 2429 ai
1389 2365 1486 2430 vel
1534 2365 1608 2444 ei,
1675 2383 1833 2447 quae
1879 2367 2096 2446 postea
2144 2367 2288 2429 sunt
2332 2364 2503 2429 facta
2550 2384 2623 2428 ae
2670 2367 2733 2430 et

363 2470 403 2548 i,
453 2471 665 2552 itaque
713 2473 848 2535 tum
895 2470 1199 2536 locativus
1247 2470 1503 2536 eandem
1551 2471 1817 2534 formam
1862 2470 2133 2534 habebat
2171 2473 2355 2552 atquc
2388 2471 2727 2553 genetivus

364 2576 462 2641 Ab
510 2576 683 2641 initio
733 2580 944 2641 autem
990 2577 1100 2642 hos
1149 2597 1329 2642 casus
1378 2597 1492 2642 non
1525 2576 1743 2642 eodem
1790 2575 1957 2640 exitu
2003 2575 2193 2640 fuisse
2240 2576 2613 2658 intelligitur
2659 2597 2729 2640 ex

361 2682 550 2748 hisce.
643 2683 837 2746 Primi
884 2682 1110 2747 ordinis
1157 2683 1478 2765 genetivus
1524 2682 1587 2746 in
1646 2681 1850 2763 prisca
1896 2681 2233 2746 Latinitate
2300 2683 2484 2747 modo
2543 2682 2606 2746 in
2638 2702 2726 2762 as,

358 2789 544 2854 modo
590 2789 651 2853 in
685 2801 754 2853 31
799 2789 942 2868 exit,
994 2791 1056 2853 et
1098 2789 1210 2854 illo
1259 2800 1327 2854 3ῑ
1373 2788 1532 2853 duae
1579 2789 1924 2853 efficiuntur
1956 2788 2252 2870 syllabae,
2303 2788 2472 2853 exitu
2518 2790 2725 2852 autem

359 2895 613 2961 locativi
662 2895 720 2960 ai
769 2897 832 2959 et
879 2914 950 2959 ae
997 2915 1137 2974 11113,
1189 2897 1251 2960 et
1296 2897 1434 2959 tum
1481 2894 1734 2959 demum
1782 2913 1923 2960 cum
1969 2895 2031 2959 in
2078 2894 2363 2964 omnibus
2408 2894 2727 2960 vocabulis

359 3002 458 3066 illi
506 3001 636 3066 soni
683 3013 753 3065 31
797 3002 860 3066 111
905 3021 1098 3066 unum
1147 3021 1218 3066 ae
1266 3001 1531 3066 coissent
1577 3003 1640 3065 et
1700 3000 1900 3065 exitus
1962 3012 2031 3065 as
2092 3000 2496 3065 obsolevisset
2543 3001 2723 3084 (conf.

362 3108 572 3174 Linds.
620 3129 723 3192 pg.
774 3107 946 3191 381),
1009 3108 1314 3173 locativus
1363 3128 1400 3172 a
1445 3107 1727 3190 genetivo
1785 3108 1983 3173 forma
2028 3127 2146 3171 non
2198 3107 2325 3172 iam
2383 3107 2725 3173 differebat.

360 3214 597 3280 Deinde
643 3215 958 3280 nominum
1005 3235 1162 3298 quae
1210 3218 1352 3280 sunt
1398 3214 1651 3279 secundi
1697 3214 1923 3279 ordinis
1970 3214 2239 3296 genetivi
2282 3213 2634 3281 terminatio
2665 3214 2726 3278 in

357 3321 858 3404 inscriptionibus
921 3321 1366 3403 antiquissimis
1435 3323 1786 3387 constanter
1845 3320 2133 3386 scribitur
2187 3321 2399 3385 littera
2446 3331 2493 3400 ῑ,
2566 3320 2727 3385 unde

360 3426 681 3509 colligitur
724 3428 745 3489 i
793 3427 1062 3509 genetivi
1107 3427 1299 3492 fuisse
1344 3447 1584 3509 puram,
1633 3427 1847 3509 itaque
1896 3426 2207 3491 diversum
2240 3427 2317 3492 ab
2351 3426 2517 3490 exitu
2556 3426 2727 3492 loca-

357 3532 490 3598 tivi.
584 3533 822 3597 Eadem
895 3532 971 3597 de
1029 3553 1220 3599 causa
1287 3535 1510 3615 stirpes
1580 3551 1739 3615 quae
1810 3534 2030 3597 exeunt
2094 3532 2158 3596 in
2215 3531 2333 3616 iel‘o
2402 3533 2466 3597 in
2523 3532 2727 3614 prisca

358 3640 696 3705 Latinitate
743 3639 1097 3722 genetivum
1156 3640 1394 3704 faciunt
1439 3642 1508 3719 -i,
1558 3659 1676 3704 non
1710 3639 1803 3718 -ii,
1868 3638 1977 3703 sed
2021 3639 2358 3704 locativum
2407 3639 2503 3718 -ii,
2566 3639 2721 3704 conf.

359 3747 510 3811 Enn.
573 3746 733 3813 Hed.
785 3749 910 3812 529
971 3745 1286 3811 Brundisii
1333 3749 1599 3828 sargust,
1672 3747 1826 3810 Eun.
1879 3747 2003 3809 518
2070 3764 2174 3808 rus
2246 3743 2417 3809 Sunii
2488 3745 2723 3826 ecquod

357 3852 641 3918 habeam.
692 3852 889 3935 (Conf.
936 3839 1091 3917 ‘alii'
1137 3853 1290 3916 Eun.
1345 3854 1488 3916 780.
1539 3851 1695 3915 Vide
1743 3851 2211 3929 Buechelerum,
2258 3850 2635 3932 Grundriss)

537 3959 634 4023 Ad
661 3959 937 4025 ordinem
969 3959 1308 4023 secundum
1339 3957 1529 4023 etiam
1562 3957 1861 4022 referendi
1896 3959 2038 4020 sunt
2059 3956 2309 4021 locativi
2343 3957 2461 4035 hic,
2510 3955 2722 4040 isti(c),

357 4064 561 4148 illi(c).
654 4064 812 4128 Vide
857 4064 1030 4129 Neue
1076 4065 1143 4128 II
1191 4067 1338 4132 655.

538 4171 683 4236 Alia
729 4174 826 4236 est
870 4171 1223 4236 terminatio
1268 4171 1540 4237 locativa
1587 4171 1698 4249 -bi,
1751 4188 1907 4252 quae
1955 4169 2261 4233 invenitur
2304 4168 2366 4232 in
2415 4166 2722 4231 adverbiis

358 4277 466 4356 ibi,
515 4277 624 4342 ubi
669 4280 733 4342 et
777 4297 937 4360 quae
985 4297 1126 4342 cum
1172 4278 1394 4342 horum
1441 4279 1634 4342 altero
1682 4278 1821 4344 utro
1870 4278 2013 4340 sunt
2058 4274 2416 4356 composita.

535 4384 800 4448 Uberius
847 4384 1273 4449 disserendum
1320 4388 1414 4449 est
1459 4384 1534 4447 de
1580 4384 1866 4448 locativis
1912 4381 2079 4447 tertii
2139 4380 2367 4445 ordinis
2416 4383 2601 4462 atque
2650 4378 2724 4443 dc

359 4486 454 4569 iis,
527 4490 631 4572 qui
679 4490 758 4555 ad
805 4492 1043 4555 certum
1112 4491 1386 4556 ordinem
1456 4511 1598 4556 cum
1666 4489 2107 4574 probabilitate
2174 4507 2292 4552 non
2358 4487 2721 4554 referuntur.
