3325 5134
1589 378 2025 450 ....32-..

619 574 801 643 minis
844 563 1129 658 ‘manus',
1180 578 1342 662 quod
1401 578 1712 662 significat·
1776 566 2069 645 ‘bonum’.
2142 579 2321 663 (Non.
2372 581 2474 659 66,
2526 581 2564 643 8
2634 577 2829 644 Varro
2875 575 2993 644 LL.

620 684 677 747 V
727 686 872 769 14.).
929 685 1199 767 Lindsay
1232 687 1442 750 autem
1475 685 1628 750 dicit
1657 686 1787 768 (pg.
1824 685 2010 769 396):
2070 686 2288 764 „Mane
2321 686 2375 749 if
2400 687 2505 749 not
2552 705 2629 750 an
2675 684 2992 748 adverbial

621 791 970 855 accusative
1016 811 1161 874 may
1209 791 1373 856 show
1439 811 1475 855 a
1523 792 2065 857 Consonant-stem
2130 777 2430 857 ‘Ablativ'
2502 792 2675 854 suffix
2747 790 2994 872 applied

620 899 684 960 to
732 915 810 961 an
867 897 1085 961 i-stem
1130 897 1352 975 Mani-‚
1403 897 1680 963 Manes.“
1758 896 1880 963 Sed
1948 916 2131 961 usum
2203 896 2610 962 transferendi
2681 897 2913 961 exitum
2960 903 2994 958 6

623 1002 702 1066 ad
766 1003 990 1085 stirpes
1059 1022 1218 1084 quae
1284 1002 1580 1068 finiuntur
1626 1006 1995 1068 consonante
2062 1003 2189 1067 iam
2260 1004 2323 1067 in
2396 1003 2599 1084 prisca
2657 1002 2995 1066 Latinitate

619 1108 1072 1189 percrebruisse
1118 1128 1235 1174 non
1287 1109 1506 1173 multis
1573 1109 1873 1190 probatur
1941 1109 2257 1189 exemplis,
2316 1108 2499 1193 (forte
2569 1108 2755 1173 Most.
2830 1109 2995 1184 6943

621 1213 863 1278 Oceano
911 1221 1082 1278 mare
1132 1214 1328 1279 Varro
1375 1216 1554 1280 Atac.
1604 1215 1772 1296 apud
1822 1213 2060 1279 Charis
2115 1216 2257 1293 137,
2314 1213 2439 1297 12.)
2515 1214 2737 1278 Verbis
2784 1215 2995 1277 autem

623 1320 944 1385 Prisciani·
968 1321 1142 1404 (331,
1183 1321 1262 1384 16
1288 1320 1407 1404 H):
1468 1319 1929 1398 „Vetustissimi
1978 1321 2259 1385 solebant
2304 1320 2559 1384 huiusce
2606 1320 2774 1384 modi
2822 1319 2997 1383 abla-

621 1425 820 1490 tivum
868 1427 978 1510 (sc.
1009 1427 1176 1497 sorti,
1227 1426 1356 1506 bili,
1407 1426 1550 1508 civi)
1597 1427 1791 1491 etiam
1836 1426 1897 1490 in
1945 1444 1976 1489 e
2022 1426 2356 1507 proferre“,
2404 1425 2492 1489 nil
2517 1425 2995 1503 demonstratur,

622 1532 740 1596 nisi
783 1532 926 1598 illos
974 1533 1294 1613 scripsisse
1340 1551 1372 1596 e
1420 1532 1600 1613 (conf.
1651 1551 1811 1614 quae
1858 1536 2001 1596 sunt
2044 1533 2106 1596 in
2152 1531 2651 1614 inscriptionibus
2716 1550 2997 1612 compro-

622 1639 898 1718 mesisse‚
945 1638 1154 1702 Devas
1202 1638 1370 1723 alia).
1432 1638 1639 1720 Atque
1694 1638 1848 1702 mihi
1916 1657 2007 1718 eo,
2058 1638 2223 1720 quod
2290 1638 2397 1702 ubi
2457 1637 2832 1720 praepositio
2878 1657 2998 1702 non

625 1743 892 1823 additur,
943 1747 1293 1810 constanter
1339 1747 1435 1809 est
1481 1745 1783 1825 scriptum
1827 1731 2072 1824 ‘mane'‚
2136 1743 2395 1809 indicari
2441 1743 2704 1822 videtur,
2750 1742 2816 1808 id
2864 1763 2997 1808 esse

622 1851 962 1914 locativum
1010 1850 1220 1931 stirpis
1268 1851 1465 1929 Man-,
1529 1850 1897 1932 praesertim
1966 1870 2108 1914 cum
2156 1849 2305 1932 quid
2373 1850 2548 1914 bonis
2617 1849 2868 1934 (manis)
2918 1849 3000 1912 sit

625 1974 766 2018 cum
813 1974 903 2036 eo,
954 1956 1117 2037 quod
1166 1956 1454 2020 adverbio
1502 1975 1682 2020 mane
1730 1956 2131 2037 significatur,
2193 1975 2309 2020 non
2356 1954 2726 2038 intelligam.
2822 1955 2999 2034 Quod

626 2061 848 2126 attinet
896 2061 973 2125 ad
1020 2062 1392 2126 locutionem
1427 2083 1463 2126 a
1493 2063 1740 2144 maneji,
1790 2063 2145 2144 posterioris
2194 2062 2417 2126 aetatis
2464 2061 2728 2126 Romani
2776 2060 3001 2124 dixisse

624 2149 992 2232 videntur'a
1039 2187 1217 2232 mane
1293 2169 1474 2252 (conf.
1522 2169 1697 2233 Neue
1746 2169 1810 2232 II
1870 2188 1972 2250 pg.
2025 2168 2197 2250 646),
2256 2166 2363 2232 sed
2409 2168 2647 2231 veteres
2695 2169 2859 2230 certe
2905 2167 3000 2230 in-

625 2273 871 2338 terdum
915 2274 1214 2338 flexerunt
1260 2278 1447 2357 atque
1493 2279 1565 2338 ut
1634 2294 1671 2338 a
1740 2275 1899 2338 mari
1964 2274 2054 2338 ita
2124 2275 2315 2338 etiam
2361 2273 2646 2338 dixerunt
2709 2293 2746 2337 a
2808 2273 2997 2338 mani.

627 2380 727 2444 Ita
771 2380 957 2445 lectio
1002 2369 1065 2444 ‘a
1110 2369 1318 2460 mani',
1369 2381 1476 2445 ubi
1523 2381 1736 2463 aliqua
1797 2379 2081 2446 codicum
2142 2379 2511 2444 auctoritate
2557 2378 2833 2458 fulcitur,
2882 2378 3002 2442 erit

627 2485 944 2550 servanda.
994 2486 1246 2570 (Amph.
1284 2488 1431 2565 252,
1467 2487 1614 2550 Luc.
1663 2485 1752 2568 9.)
1830 2485 1950 2551 Sed
1998 2486 2189 2551 etiam
2238 2485 2457 2551 ceteris
2502 2485 2656 2549 locis
2700 2473 2765 2548 ‘a
2809 2476 2999 2548 mani'

624 2592 870 2655 restitui
917 2591 1123 2656 velim.
1217 2591 1380 2656 Nam
1428 2591 1591 2673 quod
1637 2591 1941 2656 traditum
1998 2594 2094 2656 est
2146 2581 2209 2656 ‘a
2267 2579 2467 2656 mane’
2516 2591 2747 2672 partim
2791 2592 3000 2671 poste-

624 2697 800 2761 rioris
850 2697 1072 2762 aetatis
1120 2716 1238 2761 usu
1285 2696 1647 2779 explicatur,
1718 2697 1949 2779 partim
2018 2717 2107 2777 eo,
2180 2696 2344 2780 quod
2412 2697 2675 2761 fortasse
2738 2695 3002 2777 scriptor

625 2804 791 2886 ispse
839 2823 1055 2870 sonum
1088 2803 1269 2868 e-i-ei
1301 2803 1601 2886 expressit
1628 2803 1843 2869 littera
1876 2823 1927 2868 e.
1968 2841 2041 2850 —
2093 2802 2307 2882 Quae
2354 2802 2607 2866 adhue
2653 2803 3000 2867 restant:

625 2899 826 2988 ‘mari,
875 2909 1146 2988 Lemuri,
1207 2910 1472 2991 regione,
1541 2912 1812 2991 pectore,
1883 2897 2158 2991 pulvere'
2230 2908 2355 2973 alia
2422 2911 2669 2990 praeter
2734 2908 3001 2972 formam

625 3003 899 3080 ‘montei'
947 3015 1008 3079 in
1057 3017 1332 3080 extrema
1361 3015 1565 3080 vocali
1593 3016 1881 3098 regulam
1915 3016 2257 3098 sequuntur
2303 3016 2366 3079 et·
2410 3013 2711 3078 maiorem
2759 3015 3002 3095 partem

629 3121 754 3184 vim
800 3120 1031 3185 habent
1077 3121 1351 3185 ablativo
1413 3121 1745 3202 propriam.
1840 3121 2131 3186 Formam
2198 3107 2473 3186 ‘montei'
2544 3122 2774 3199 autem,
2826 3118 3001 3182 cuius

629 3227 816 3308 stirps
863 3245 997 3290 esse
1050 3227 1297 3291 videtur
1363 3231 1587 3307 mont-‚
1639 3228 1858 3291 fictum
1927 3246 2060 3291 esse
2132 3226 2421 3310 analogia
2488 3225 2777 3306 stirpium
2843 3243 3002 3307 quae

629 3334 850 3396 exeunt
893 3333 956 3397 in
1026 3333 1174 3396 -tei-
1220 3332 1589 3414 putaverim.
1683 3333 1891 3414 Atque
1960 3333 2073 3396 has
2142 3332 2373 3398 formas
2444 3332 2635 3397 etiam
2701 3331 2807 3395 ubi
2875 3331 3003 3394 vim

628 3439 861 3504 habent
926 3438 1263 3503 locativam
1331 3438 1627 3503 Romanis
1696 3437 1889 3502 fuisse
1961 3438 2268 3503 ablativos
2337 3457 2706 3520 persuasum
2782 3436 2999 3502 habeo,

629 3545 794 3610 Nam
839 3545 1032 3610 nihilo
1077 3544 1461 3627 frequentius
1506 3543 1899 3609 inveniuntur
1946 3563 2128 3608 sensu
2191 3544 2459 3610 locativo
2508 3563 2697 3626 quam
2744 3543 3006 3608 ablativi

629 3651 812 3732 primi
860 3653 923 3714 et
969 3650 1221 3715 secundi
1268 3649 1515 3730 ordiniS,
1587 3651 1958 3732 quibuscum
2029 3651 2219 3714 etiam
2287 3650 2600 3723 interdum
2644 3650 3003 3730 iunguntur,
3042 3693 3047 3698 -

631 3757 805 3820 velut
875 3756 1040 3837 apud
1083 3756 1350 3820 Ennium
1407 3745 1640 3820 ‘media
1707 3744 1995 3838 regione',
2042 3746 2202 3820 ‘loco
2273 3776 2345 3820 ac
2391 3756 2637 3838 regione
2684 3743 3004 3820 maneret'.

631 3864 838 3928 Unum
881 3849 1196 3942 ‘tramite³,
1248 3861 1409 3944 quod
1458 3866 1554 3926 est
1600 3863 1767 3944 apud
1813 3863 2131 3942 Plautum,
2182 3862 2405 3943 corrigi
2464 3862 2653 3925 velim
2700 3880 2771 3925 ac
2820 3861 3008 3924 scribi

628 3957 929 4034 ‘tramiti'.
1021 3969 1214 4034 Plura
1258 3968 1334 4032 de
1381 3968 1478 4032 his
1525 3968 1805 4033 dicemus
1851 3988 1995 4033 cum
2064 3968 2146 4032 ad
2215 3967 2557 4032 ablativum
2605 3986 2819 4032 verum
2864 3986 3008 4049 per-

631 4075 998 4140 venerimus
1069 4074 1164 4138 De
1210 4074 1493 4140 locativis
1542 4094 1701 4157 quae
1748 4075 2049 4139 senserint
2092 4081 2331 4138 veteres
2379 4073 2772 4155 grammatici
2819 4082 3011 4154 atque

631 4181 745 4244 viri
795 4181 958 4245 docti
1004 4181 1286 4261 exposuit
1328 4181 1580 4245 uberius
1627 4180 1801 4245 Neue
1850 4181 1914 4243 II
1965 4182 2092 4244 644
2136 4199 2269 4262 sqq.
2365 4178 2458 4242 De
2506 4179 3011 4243 terminationum

634 4287 685 4350 -i
735 4295 797 4350 et
843 4305 907 4350 -e
954 4305 1242 4350 mensura
1289 4287 1428 4353 vide
1453 4286 1784 4368 Wedding.
1834 4287 1875 4352 1.
1928 4307 1975 4352 s,
2069 4285 2403 4367 Superesse
2451 4285 2695 4349 videtur
2753 4292 2823 4348 ut
2868 4285 3012 4349 bre-

631 4393 788 4456 viter
834 4393 982 4474 quid
1029 4393 1104 4456 iis
1151 4392 1305 4457 locis
1353 4392 1428 4456 de
1477 4392 1701 4474 quibus
1772 4392 2108 4471 dubitetur,
2183 4391 2537 4472 scripserint
2583 4391 2866 4471 editoreS‚
2916 4391 3015 4454 in-

631 4499 848 4564 dicem.
940 4499 1169 4564 Heaut.
1221 4500 1345 4563 567
1412 4497 1715 4564 Fleckeis
1782 4497 2085 4562 Dziatzko
2153 4485 2350 4577 ‘heri',
2422 4496 2748 4577 Umpfenb.
2796 4486 3014 4578 ‘here'‚
