3325 5134
1565 374 1998 443 -66-

587 570 888 642 FlcckeiS.
941 575 1105 660 apud
1152 575 1508 640 Terentium
1572 563 1857 641 ‘fabula'.
1933 614 2010 620 —
2074 575 2335 657 Dubia
2404 579 2581 642 sunt:
2652 576 2786 642 Mil.
2839 577 2966 642 969

592 683 700 748 sed
761 683 898 766 quis
965 681 1138 748 east?
1212 721 1291 728 ——
1364 681 1538 748 Senis
1606 683 1792 747 huius
1862 702 2012 748 uxor
2058 682 2541 764 Periplecomeni
2594 720 2673 729 -
2738 685 2782 766 †
2827 702 2967 764 pro-

590 809 806 868 xumo;
856 789 1032 854 Brix:
1079 779 1165 852 ‘in
1211 775 1542 871 proximo'3
1615 793 1803 870 atque
1853 789 1999 870 quin
2045 789 2420 871 praepositio
2465 778 2569 855 ‘in'
2618 789 2717 852 vel
2762 776 2840 852 ‘e'
2890 789 2971 852 sit

592 895 872 960 addenda
918 915 1036 961 non
1082 898 1177 959 est
1225 895 1502 961 dubium.
1576 897 1759 978 Trag.
1810 898 1957 962 Acc.
2030 897 2155 959 508
2227 896 2405 978 (Non.
2458 898 2603 976 213,
2654 896 2719 979 3)
2783 898 2971 976 atque

590 1002 748 1067 hanc
816 1004 1126 1083 postremo
1195 1002 1345 1067 solis
1416 1022 1677 1066 usuram
1749 1022 1919 1084 cape.
2022 1004 2114 1066 lta
2184 1001 2365 1068 Ribb.
2420 1002 2627 1066 libros
2696 1006 2970 1066 secutus,

590 1107 798 1190 Bergk
842 1095 1288 1189 ‘postremam’,
1337 1111 1504 1172 recte
1551 1112 1622 1172 ut
1679 1108 1878 1187 credo,
1938 1107 2092 1174 conf.
2141 1107 2332 1172 Merc.
2384 1109 2530 1187 831,
2580 1107 2769 1174 Andr.
2821 1110 2969 1172 322.

596 1253 674 1261 —
716 1213 822 1278 Nil
853 1214 1101 1295 probari
1149 1217 1407 1296 apparet
1453 1215 1751 1295 exemplis
1798 1213 1971 1278 velut
2016 1213 2205 1280 Merc.
2244 1215 2369 1280 729
2400 1214 2748 1278 manufesto
2795 1216 2972 1278 teneo

590 1321 652 1384 in
698 1320 876 1385 noxia
927 1358 992 1366 -
1055 1319 1192 1400 Qua
1239 1320 1462 1386 noxia?
1553 1320 1873 1384 Abraham
1942 1320 2105 1386 stud.
2174 1320 2266 1384 Pl.
2322 1321 2444 1384 185
2493 1320 2630 1384 vult
2673 1309 2822 1401 ‘qua
2866 1306 2970 1398 in',

593 1426 750 1492 conf.
799 1429 1042 1492 tamen:
1093 1426 1231 1492 Cas,
1283 1428 1407 1491 317
1462 1427 1715 1508 quicum
1762 1426 1975 1508 litigas
2025 1426 2361 1509 Olympio?
2412 1463 2490 1472 -—
2549 1426 2705 1491 Cum
2755 1425 2974 1490 eadem

594 1552 718 1614 qua
763 1535 834 1596 tu
881 1552 1161 1614 semper;
1229 1533 1366 1598 Mil.
1417 1535 1541 1598 607
1614 1536 1725 1597 31113
1792 1533 1931 1597 111113
1999 1536 2108 1597 31113
2155 1533 2232 1596 ab
2304 1532 2485 1598 laeva
2534 1534 2642 1596 aut
2689 1532 2971 1610 dextera3

593 1639 780 1705 Most.
832 1641 959 1704 673
1029 1657 1145 1702 non
1191 1637 1251 1702 in
1298 1639 1434 1703 loco
1483 1639 1634 1703 emit
1680 1639 1946 1720 perbono
1964 1639 1993 1704 22
2044 1677 2121 1684 —-
2194 1641 2388 1702 Immo
2436 1637 2497 1702 in
2543 1641 2834 1720 optumo;
2882 1639 2977 1702 ita

595 1745 687 1820 A;
736 1746 786 1810 P
829 1734 915 1809 ‘in
961 1734 1108 1826 opt.'

769 1851 960 1916 Recte
1007 1850 1251 1915 dicatur
1295 1850 1477 1932 longe
1528 1850 1816 1932 plurimis
1884 1851 2147 1915 istorum
2217 1870 2375 1933 quae
2432 1850 2616 1915 attuli
2664 1851 2989 1931 exemplo--

594 1978 732 2022 rum
777 1957 864 2020 nil
913 1957 1068 2022 effici
1113 1958 1185 2021 ut
1217 1956 1671 2022 demonstretur
1704 1956 2049 2023 ablativum
2094 1956 2362 2021 locativo
2396 1975 2576 2021 sensu
2624 1955 2979 2021 adhibitum

600 2083 754 2144 esse,
807 2063 1095 2144 quoniam
1141 2063 1372 2143 partim
1418 2062 1690 2128 habeant
1756 2063 1882 2128 vim
1928 2063 2484 2142 instrumentalem,
2556 2062 2786 2145 partim
2856 2063 2981 2126 sint

601 2169 676 2234 de
722 2171 1018 2250 tempore,
1052 2168 1282 2250 partim
1315 2167 1574 2250 denique
1609 2171 1917 2250 corrupta.
1986 2170 2218 2233 Tamen
2265 2167 2455 2233 etiam
2500 2167 2629 2232 illis
2676 2166 2979 2249 expeditis

605 2274 913 2358 quaedam
959 2276 1197 2338 restant
1233 2276 1418 2356 atque
1466 2275 1677 2356 negari
1708 2275 1939 2357 nequit,
1977 2274 2349 2358 aliquotiens
2394 2274 2455 2339 in
2492 2275 2697 2356 prisca
2742 2273 2981 2338 Latini-

594 2384 728 2446 tate
775 2380 1120 2445 ablativum
1185 2380 1457 2462 positum
1526 2399 1660 2444 esse
1730 2400 1913 2446 sensu
1983 2381 2164 2463 plane
2236 2381 2523 2461 locativo,
2597 2399 2981 2462 quamquam

595 2486 796 2552 rarius
844 2506 1032 2568 quam
1079 2485 1416 2568 posteriore
1465 2489 1691 2568 aetate,
1740 2486 2071 2570 praecipue
2143 2506 2179 2551 a
2236 2487 2454 2569 poetis
2550 2485 2713 2566 Quid
2761 2486 2836 2552 de
2882 2486 2979 2550 his

594 2593 1052 2659 iudicabimus?
1143 2592 1384 2658 Dixerit
1430 2593 1676 2676 aliquis,
1749 2614 1893 2658 cum
1959 2594 2021 2658 in
2084 2594 2303 2658 multis
2350 2594 2443 2658 vis
2487 2593 2979 2658 instrumentalis

599 2700 725 2764 sive
774 2699 1134 2765 comitativa
1179 2699 1375 2765 mixta
1420 2699 1608 2764 fuerit
1654 2719 1797 2766 cum
1842 2699 2131 2780 locativa,
2201 2700 2440 2764 factum
2510 2718 2642 2764 esse
2688 2701 2761 2764 ut
2809 2698 2979 2763 deni-

599 2825 716 2889 que
765 2805 1076 2871 ablativus
1121 2805 1433 2870 interdum
1478 2825 1731 2888 prorsus
1776 2806 2042 2871 locative
2088 2808 2512 2887 usurparetur,
2580 2808 2644 2870 313
2688 2805 2820 2887 ipse
2868 2804 2980 2869 ad-

599 2913 720 2978 huc
765 2911 830 2976 id
877 2913 995 2995 egi,
1047 2914 1123 2986 ut,
1163 2915 1464 2995 quantum
1533 2932 1800 2995 possem,
1869 2913 2075 2978 omnia
2145 2912 2223 2977 ad
2286 2913 2471 2976 illum
2517 2913 2749 2977 fontem
2794 2911 2981 2985 redu-

600 3038 822 3085 cerem.
916 3017 1038 3106 Sed
1085 3018 1464 3084 dubitaveris
1513 3039 1590 3083 an
1637 3039 1775 3084 meo
1822 3019 1956 3084 iure
2015 3019 2082 3082 id
2128 3018 2398 3099 fecerim,
2470 3037 2668 3100 neque
2738 3018 2984 3082 obstent

601 3144 759 3206 quae
805 3125 1063 3189 refutari
1109 3132 1434 3208 nequeant.
1530 3125 1826 3206 Quaestio
1894 3125 2087 3208 igitur
2157 3128 2253 3189 est
2307 3125 2488 3190 haec:
2562 3123 2772 3189 Sintne
2826 3125 2981 3189 haec

599 3232 802 3313 prima
847 3232 974 3295 fere
1014 3232 1277 3314 vestigia
1327 3232 1585 3298 ablativi
1629 3232 1895 3297 locative
1942 3231 2128 3314 positi
2177 3251 2254 3295 an
2299 3231 2426 3295 iam
2475 3232 2791 3312 aliquanto
2841 3234 2981 3295 ante

602 3339 893 3416 aetatem,
966 3337 1142 3401 cuius
1214 3340 1357 3402 sunt
1424 3341 1825 3402 monumenta
1893 3338 2321 3402 vetustissima
2388 3338 2563 3402 nobis
2630 3340 2895 3417 servata,
2948 3357 2984 3401 a

601 3442 898 3508 Romanis
948 3443 1220 3507 crebrius
1264 3444 1356 3507 ita
1403 3444 1485 3508 sit
1532 3443 1849 3508 adhibitus
1897 3443 2228 3508 ablativus
2902 3519 2909 3528 ‚

778 3551 913 3615 Hoc
962 3548 1068 3632 qui
1118 3549 1425 3630 defendat,
1475 3553 1840 3632 argumento
1909 3552 2125 3615 utatur
2187 3549 2385 3631 primo
2454 3550 2609 3629 1030,
2660 3549 2823 3631 quod
2872 3549 2984 3614 ad-

601 3657 800 3721 hiberi
847 3657 1049 3721 soleat
1089 3657 1354 3721 locative
1399 3646 1505 3721 ‘in'
1576 3677 1720 3722 cum
1791 3657 2084 3723 ablativo.
2180 3655 2301 3722 Sed
2367 3657 2485 3721 hac
2530 3675 2596 3720 re
2644 3656 2793 3720 nihil
2842 3676 2984 3738 pro-

603 3763 736 3828 bari
784 3763 961 3828 duco,
1032 3763 1195 3827 Nam
1243 3783 1385 3828 cum
1435 3763 1763 3828 adhibetur
1806 3751 1911 3827 ‘in'
1960 3783 2102 3828 cum
2150 3763 2423 3828 ablativo
2470 3762 2643 3826 velut
2684 3762 2747 3826 in
2796 3781 2984 3826 enun-

603 3869 892 3934 tiatione:
941 3858 1136 3950 ‘virgo
1186 3871 1248 3932 et
1311 3870 1600 3934 meretrix
1648 3871 1869 3935 ambae
1916 3890 2041 3934 una
2107 3869 2169 3932 in
2238 3857 2460 3948 domo',
2533 3887 2679 3933 sane
2730 3857 2877 3932 ‘una
2924 3869 2983 3932 in

606 3962 808 4040 domo‘
857 3979 953 4039 est
997 3975 1320 4055 locatiVUS,
1371 3974 1481 4039 sed
1526 3976 1687 4040 inter
1754 3976 2273 4058 praepositionem
2319 3975 2523 4056 ipsam
2574 3977 2759 4056 atque
2809 3975 2984 4040 abla-

605 4081 803 4144 tivum
853 4081 1052 4144 altera
1098 4082 1194 4144 est
1238 4081 1417 4161 ratic,
1489 4100 1684 4163 eaque
1756 4081 2134 4147 comitativa.
2229 4079 2406 4160 Quod
2462 4081 2515 4144 si
2562 4081 2699 4163 quis
2746 4081 2981 4159 reiciat,

607 4185 935 4252 concedere
1005 4190 1260 4268 cogetur
1330 4189 1683 4252 accusativo
1767 4207 2009 4270 quoque
2071 4186 2403 4269 aliquando
2462 4186 2772 4252 Romanos
2841 4206 2984 4250 usos

608 4312 742 4357 esse
790 4311 972 4356 sensu
1018 4293 1285 4358 locativo
1355 4296 1418 4358 et
1485 4293 1963 4375 instrumentali,
2037 4293 2191 4360 conf.
2252 4292 2635 4358 accusativos
2685 4293 2789 4374 qui
2836 4313 2985 4374 pen-

609 4399 754 4463 dent
801 4417 872 4460 ex
917 4399 1474 4481 praepositionibus
1519 4389 1731 4483 ‘apud,
1780 4401 1956 4480 inter,
2005 4387 2154 4482 per'.
2249 4400 2493 4464 Etenim
2541 4399 2784 4480 quando
2833 4399 2985 4463 dici-

472 4551 485 4560 ,
607 4509 740 4568 tur:
787 4494 908 4568 ‘est
939 4505 1103 4588 apud
1151 4507 1371 4586 forum,
1420 4510 1703 4570 versatur
1749 4507 1908 4570 inter
1952 4506 2181 4587 11081338,
2231 4506 2390 4570 vecti
2432 4525 2646 4570 sumus
2693 4525 2803 4587 per
2850 4506 2982 4570 vias
