3325 5134
1301 371 1733 449 ...31-...ι

323 570 696 662 bahuvrihi).
743 573 858 642 Est
887 574 1080 660 igitur
1109 577 1488 659 praefiscinis
1518 577 1572 642 is
1618 578 1724 661 qui
1754 577 2058 643 fascinum
2088 577 2325 662 insigne
2356 589 2503 660 prae
2536 574 2701 643 cete-

323 683 408 747 ris
439 683 645 763 habet,
698 687 760 748 et
802 670 1254 769 ‘praefiscinise’
1303 687 1398 747 est
1445 683 1807 749 adverbium
1856 685 2101 750 modale
2150 685 2314 766 quod
2346 684 2574 748 referas
2622 683 2701 748 ad

323 808 538 853 casum
583 789 1138 855 instrumentalem.
1233 789 1376 853 Vim
1447 809 1582 854 esse
1638 791 2176 880 instrumentalem
2222 789 2500 854 Ribbeck
2548 809 2700 872 quo-

323 915 442 977 que
490 895 642 960 dicit
687 896 789 980 (de
835 896 1103 979 partic).
1177 896 1353 960 Idem
1425 897 1695 978 explicat
1740 897 2069 963 vertendo:
2141 896 2345 961 Voran
2395 897 2511 960 mit
2557 896 2699 960 dem

321 1002 580 1066 Amulet
626 1001 784 1086 (drei
851 1003 1097 1066 Kreuze
1169 1001 1400 1086 slavor).
1496 1002 1640 1067 Mea
1710 1023 1853 1068 vero
1924 1003 2226 1068 sententia
2294 1003 2536 1084 proprie
2606 1005 2702 1066 est

321 1108 717 1174 vertendum:
795 1108 1001 1172 indem
1070 1109 1252 1174 dabei
1320 1109 1404 1172 ist
1474 1110 1568 1173 ein
1631 1109 2153 1192 hervorragendes
2222 1109 2419 1191 (prae)
2488 1108 2701 1173 Mittel

319 1232 519 1296 gegen
564 1213 935 1296 Verhexung
980 1214 1354 1298 (fascinum).
1430 1253 1510 1259 -—
1583 1213 1705 1279 Sed
1763 1215 1988 1279 mirum
2046 1218 2143 1279 est
2186 1218 2257 1279 ut
2302 1215 2361 1278 in
2412 1215 2699 1278 adverbio

319 1319 510 1408 herise
557 1321 648 1384 ita
696 1321 886 1384 etiam
933 1321 994 1384 in
1041 1321 1254 1384 formis
1301 1339 1574 1402 peregre,
1624 1321 2005 1402 praefiscine,
2080 1313 2303 1403 quibus
2352 1320 2699 1384 adiunxeris

319 1429 589 1507 -quarte‚
641 1426 964 1507 -proxime‚
1016 1426 1311 1490 -crastine
1382 1426 1470 1509 (in
1542 1425 1745 1508 dieqU.
1796 1426 1988 1508 diepr.
2039 1426 2255 1508 diecr.)
2328 1427 2560 1490 exitum
2608 1426 2700 1513 esf

317 1551 437 1596 non
482 1536 555 1596 ut
597 1532 660 1596 in
708 1532 928 1597 ceteris
974 1551 1223 1614 prorsus
1268 1532 1508 1597 factum
1577 1551 1711 1597 esse
1760 1544 1822 1608 ῖς
1896 1532 2060 1614 quod
2128 1532 2458 1614 dupliciter
2504 1533 2699 1614 expli-

317 1639 448 1702 cari
495 1641 720 1720 potest.
813 1639 944 1702 Aut
991 1639 1154 1702 enim
1198 1638 1300 1702 hic
1345 1639 1418 1701 ut
1485 1637 1548 1702 in
1616 1638 1808 1722 herile
1879 1658 2075 1721 neque
2122 1639 2146 1703 i
2191 1657 2387 1721 neque
2436 1657 2467 1702 e
2514 1639 2696 1720 plane

315 1744 850 1825 pronuntiabatur,
901 1747 1012 1808 aut
1056 1743 1239 1808 modo
1288 1755 1343 1824 e,
1413 1744 1594 1808 modo
1644 1755 1673 1805 ῑ
1744 1745 1912 1828 (nam
1983 1763 2200 1808 sonum
2248 1763 2280 1808 e
2324 1744 2517 1808 fuisse
2565 1764 2698 1808 cor-

314 1851 566 1930 reptum
610 1850 864 1914 Kellero
913 1853 975 1914 et
1019 1849 1368 1914 Audouinio
1415 1869 1531 1914 non
1580 1849 1849 1928 credam,
1912 1849 2103 1915 donec
2150 1850 2267 1914 erit
2314 1851 2697 1914 demonstra-

313 1957 513 2039 tum)·
549 1955 992 2037 proferebatur.
1090 1955 1208 2036 Qui
1277 1955 1437 2018 illud
1509 1955 1906 2035 contenderit,
1981 1974 2051 2019 eo
2110 1955 2362 2035 nitatur,
2426 1956 2590 2037 quod
2636 1957 2695 2020 in

311 2062 622 2126 locutione
654 2062 995 2144 diequarte,
1048 2062 1372 2142 -proxime,
1425 2061 1722 2125 -crastine
1757 2061 2060 2126 adiectivo
2094 2081 2165 2124 ex
2198 2061 2485 2154 analogia
2530 2061 2695 2126 idem

319 2168 404 2233 sit
452 2169 650 2233 exitus
700 2170 886 2251 atque
935 2168 1341 2248 substantivo,
1391 2168 1489 2232 cui
1539 2169 1670 2231 arte
1720 2171 1815 2231 est
1862 2168 2272 2248 coniunctum,
2337 2170 2399 2233 et
2442 2169 2504 2233 in
2550 2188 2697 2234 voce

313 2294 572 2358 peregre
622 2275 742 2340 duo
791 2274 921 2339 soni
967 2293 1000 2338 e
1049 2274 1154 2356 qui
1201 2274 1574 2356 praecedant
1621 2276 1684 2338 et
1729 2274 1980 2356 insuper
2028 2293 2210 2338 sonus
2259 2295 2289 2337 r
2335 2274 2415 2339 ad
2464 2275 2695 2339 exitum

315 2401 348 2444 e
399 2381 770 2445 servandum
818 2380 1071 2462 aliquod
1118 2380 1590 2454 contribuerint3
1643 2381 1749 2462 qui
1796 2380 1930 2460 hoc,
1981 2383 2195 2445 utatur
2241 2400 2311 2445 eo
2361 2399 2690 2462 argumen-

315 2490 401 2566 to,
455 2486 618 2568 quod
661 2487 925 2550 Romani
994 2486 1108 2549 illa
1179 2485 1481 2550 vocabula
1549 2505 1658 2566 pro
1730 2486 2035 2550 adverbiis
2106 2486 2434 2550 habuerint
2502 2491 2689 2567 atque

312 2592 500 2657 modo
546 2612 655 2674 pro
704 2592 936 2674 origine
997 2591 1036 2670 i,
1101 2593 1283 2655 modo
1330 2592 1402 2654 ut
1447 2592 1506 2654 in
1543 2590 1851 2655 adverbiis
1897 2581 2120 2673 ‘longe‚
2170 2579 2466 2673 pulchre’,
2518 2592 2689 2655 simi-

311 2698 482 2762 libus
529 2697 1054 2780 pronuntiaverint
1101 2717 1152 2763 e.
1248 2696 1536 2760 Addatur
1605 2696 1687 2760 ad
1740 2696 2203 2778 praeferendam
2248 2697 2515 2761 formam
2559 2685 2691 2779 ‘pe-

309 2792 532 2885 regre'‚
583 2824 721 2870 cum
773 2803 1078 2885 significet
1125 2823 1197 2868 ex
1243 2803 1397 2882 loco,
1471 2801 1711 2883 aliquid
1782 2801 2186 2867 contribuisse
2233 2803 2466 2867 formas
2512 2803 2686 2868 velut

308 2897 518 2974 ‘rure‘.
611 2910 1106 2991 Utrumcumque
1152 2928 1366 2973 verum
1415 2911 1526 2986 est,
1577 2907 1838 2988 singulis
1885 2907 2037 2972 locis
2086 2911 2181 2972 est
2226 2907 2692 2974 diiudicandum

313 3035 388 3078 ex
437 3015 718 3080 codicum
785 3016 1155 3080 auctoritate
1227 3013 1374 3094 quid
1445 3013 1526 3076 sit
1595 3012 2005 3093 scribendum,
2079 3015 2347 3096 exceptis
2416 3015 2512 3093 iis,
2585 3016 2692 3078 ubi

313 3140 501 3186 sensu
545 3122 812 3187 locativo
858 3120 1164 3185 invenitur
1207 3106 1505 3200 ‘peregre'
1576 3118 1677 3182 vel
1747 3118 1808 3182 in
1864 3123 2039 3200 parte
2085 3119 2405 3186 librorum.
2484 3122 2690 3202 Atque

312 3228 685 3292 servandum
731 3228 795 3291 id
845 3228 978 3306 erit,
1027 3246 1170 3290 nam
1221 3245 1288 3289 ex
1337 3225 1539 3288 verb-is
1575 3225 1834 3289 Charisii
1886 3226 2126 3291 elucere
2166 3227 2428 3307 videtur,
2478 3230 2685 3309 poste-

309 3335 472 3398 riore
521 3336 724 3398 aetate
773 3351 955 3398 sensu
1000 3333 1265 3398 locativo
1318 3331 1669 3397 adhibitum
1704 3351 1836 3396 esse
1868 3333 2129 3413 peregri.
2194 3331 2363 3398 Oonf.
2399 3333 2570 3398 Neue
2604 3333 2687 3398 II.

311 3439 658 3506 Scriberem
706 3458 849 3521 ergo
893 3426 1192 3521 ‘peregre‘
1241 3438 1466 3520 Amph.
1521 3442 1578 3518 5,
1630 3440 1779 3518 352,
1829 3438 1987 3503 Pall.
2037 3438 2097 3503 N
2101 3457 2230 3504 aev.
2284 3441 2386 3519 84,
2436 3439 2683 3507 Phorm.

311 3547 462 3625 970,
511 3546 672 3612 Trin.
724 3547 870 3624 596,
920 3545 1087 3610 Pers,
1141 3545 1300 3622 29²²,
1349 3543 1536 3610 Most.
1610 3546 1759 3609 957.
1818 3581 1890 3590 —-
1964 3544 2222 3608 Formas
2269 3545 2572 3627 peregrile
2620 3551 2689 3611 ut

311 3672 349 3716 a
398 3671 498 3715 me
545 3654 641 3715 est
683 3652 919 3716 factum
987 3651 1298 3714 derivatas
1345 3668 1653 3730 nusquam
1698 3650 1918 3729 inveni,
1966 3650 2083 3713 nisi
2128 3650 2189 3713 in
2234 3650 2433 3716 indice
2480 3651 2690 3715 Plauti

313 3757 861 3837 substantivorum,
912 3775 1096 3837 quem
1145 3754 1405 3820 confecit
1435 3754 1516 3819 H.
1556 3754 1812 3818 Rassow
1858 3755 2022 3838 (ann.
2075 3755 2225 3836 phil.
2278 3756 2479 3837 suppl.
2515 3756 2686 3839 XII).

312 3863 519 3927 Ceteri
564 3881 774 3927 omnes
820 3863 1090 3943 cogitare
1115 3861 1400 3924 videntur
1447 3860 1521 3923 de
1569 3879 1720 3924 casu
1770 3859 2060 3924 adiectiv'i
2091 3861 2444 3947 peregrisse,
2496 3866 2683 3944 atque

312 3968 599 4034 omittere
646 3969 786 4034 nolo
821 3986 953 4032 esse
1001 3967 1108 4049 qui
1153 3967 1419 4030 formam
1482 3976 1739 4047 peregre
1812 3970 2100 4030 censeant
2167 3967 2507 4032 locativum
2562 3973 2687 4033 ter-

311 4075 647 4140 minatione
696 4094 876 4140 casus
922 4073 1170 4156 propria
1219 4075 1547 4152 carentem,
1599 4075 1670 4136 ut
1702 4073 1919 4153 Zieler‚
1957 4072 2247 4138 dubitans
2280 4074 2469 4139 etiam
2501 4074 2687 4139 Lind-

313 4199 444 4263 say.
539 4180 794 4246 Silentio
842 4180 1090 4244 transiit
1135 4179 1251 4243 hoc
1300 4177 1663 4244 adverbium
1732 4179 1861 4243 fere
1929 4198 2126 4245 nemo.
2176 4219 2263 4226 —
2322 4180 2687 4245 Addiderim

313 4287 734 4351 Audouinium
795 4288 923 4371 (pg.
973 4286 1126 4369 340)
1173 4287 1392 4366 putare
1439 4272 1830 4365 ‘praefiscini'
1879 4285 2236 4366 locativum,
2284 4274 2685 4368 ‘praefiscine'

313 4392 867 4460 instrumentalem.
941 4429 1021 4438 ——
1093 4391 1204 4456 De
1275 4390 1652 4455 adverbio
1722 4392 2022 4476 manesi.
2117 4391 2249 4455 Vox
2295 4395 2393 4458 est
2436 4393 2688 4475 originis

313 4497 558 4564 dubiae.
637 4499 842 4580 Atque
890 4501 1128 4562 veteres
1179 4496 1428 4579 quidem
1476 4497 1905 4578 cogitaverunt
1952 4496 2027 4561 de
2074 4498 2286 4580 aliqua
2332 4498 2531 4564 forma
2577 4519 2687 4563 no-
