3325 5134
1033 695 1558 796 Conspectus
1613 716 1946 776 rerum.

345 860 381 912 1.
420 855 668 925 Scriptor
703 869 886 924 pauca
921 854 1215 924 praefatur
1254 892 2507 911 ...............

321 931 379 983 ΙΙ.
419 925 566 980 Idem
603 929 892 980 enumerat

531 997 596 1050 A.
638 993 909 1049 editiones
945 1011 1084 1065 quas
1123 993 1376 1064 sequitur
1411 993 1469 1046 in
1507 993 1643 1047 locis
1680 992 1981 1048 afferendis
2046 1031 2503 1048 ......

533 1066 599 1122 Β.
638 1064 968 1136 scriptiones
1022 1081 1262 1134 quarum
1319 1069 1571 1118 auctores
1625 1069 1861 1134 egerunt
1914 1063 1983 1117 de
2037 1061 2202 1117 rebus
2256 1061 2328 1116 ad
2363 1061 2510 1116 hanc

637 1135 1013 1206 quaestionem
1056 1134 1458 1205 pertinentibus
1527 1172 2509 1192 ............

1284 1293 1460 1348 Pars
1496 1291 1698 1362 prior.

2622 854 2644 904 1

2618 993 2650 1026 ·)

2618 1135 2650 1185 3

321 1419 496 1473 Prisci
535 1418 831 1488 scriptores
906 1433 1010 1470 uas
1047 1416 1294 1470 locorum
1335 1415 1575 1471 rationes
1613 1415 2056 1486 significaverint
2094 1414 2499 1484 praepositione
2539 1431 2645 1468 non

309 1487 590 1552 adhibita,
629 1487 834 1559 quibus
896 1488 1065 1541 ormis
1111 1486 1258 1541 hanc
1309 1486 1380 1541 ad
1418 1504 1534 1540 rem
1589 1487 1703 1540 sint
1740 1487 1845 1548 usi,
1883 1492 2163 1556 quatenus
2200 1502 2313 1538 una
2349 1485 2648 1554 eademque

861 1558 1045 1612 forma
1081 1557 1153 1611 ad
1191 1557 1376 1611 varias
1412 1557 1655 1612 rationes
1694 1555 2108 1628 significandas,

318 1664 611 1732 Quaedam
660 1681 802 1734 quae
850 1663 1130 1734 pertinent
1165 1662 1238 1717 ad
1273 1653 1390 1717 rem
1428 1665 1765 1731 universam,
1814 1645 2051 1732 singulis
2078 1662 2519 1731 praemittuntur
2616 1670 2646 1716 ἔ)

1199 1751 1408 1805 Deinde
1443 1751 1746 1822 exponitur
1767 1769 1779 1805 :

344 1846 381 1895 Ι.
421 1841 551 1908 Qua
587 1840 801 1894 ratione
837 1839 1106 1894 locativus
1143 1838 1424 1892 ablativus
1463 1839 1815 1893 accusativus
1852 1837 1957 1892 loci
1996 1837 2367 1892 adhibeantur
2440 1881 2452 1894 .

533 1912 600 1964 A.
639 1911 724 1964 De
759 1909 999 1964 locativo
1034 1909 1157 1965 loci.

637 1981 1070 2035 Demonstratur
1104 1978 1337 2033 indicari
1375 1979 1579 2034 alicubi
1619 1979 1829 2049 aliquid
1866 1997 1984 2034 esse
2021 1979 2106 2034 vel
2142 1979 2285 2046 fieri,
2322 1986 2489 2049 atque

712 2051 1016 2104 locativum
1056 2050 1162 2104 loci
1199 2050 1368 2103 etiam
1396 2067 1522 2104 cum
1550 2051 1733 2104 verbis
1754 2049 2011 2104 movendi
2037 2048 2193 2119 iungi
2219 2066 2344 2104 cum
2384 2051 2507 2120 quis

709 2122 834 2174 vult
870 2120 1185 2204 significare

748 2194 794 2246 1.
850 2191 948 2245 ubl
985 2191 1132 2245 actio
1169 2207 1312 2262 quae
1351 2191 1516 2246 verbo
1555 2191 1836 2245 indicatur
1870 2190 1977 2244 fiat
2050 2232 2503 2247 ......

744 2264 793 2317 2.
851 2261 947 2315 ubi
985 2260 1120 2331 quid
1157 2261 1374 2316 actione
1413 2261 1658 2332 perfecta
1694 2269 1941 2315 versetur
2051 2303 2502 2316 ......

532 2335 592 2388 Β.
633 2334 718 2386 De
755 2331 1000 2387 ablativo
1043 2331 1166 2388 loci.

641 2405 1064 2458 Demonstratur
1097 2401 1330 2456 indicari
1711 2451 1715 2458 .

745 2476 791 2528 1.
846 2473 995 2527 unde
1033 2472 1168 2543 quid
1205 2473 1594 2543 proficiscatur
1629 2473 1718 2526 vel
1752 2477 1977 2544 petatur
2050 2514 2501 2528 ......

919 2550 975 2668 ἓ)
1012 2543 1160 2668 unge
1196 2543 1334 2668 quig
1369 2543 1759 2667 progciscatur
1872 2584 2501 2600 ........

1014 2630 1092 2667 un
1133 2631 1163 2667 e
1237 2630 1294 2667 ul
1529 2630 1597 2667 ur
1695 2659 1706 2670 .
1784 2656 1795 2669 .
1870 2630 1882 2642 ·
1960 2653 2500 2671 .......

847 2619 1016 2755 atqde'
1053 2701 1160 2737 usu
1197 2631 1480 2755 geculiffii,
1517 2702 1629 2755 quo
1666 2702 1696 2738 e
1731 2685 1854 2739 loco
1892 2685 2017 2755 quis
2054 2692 2185 2755 agat
2224 2728 2234 2739 .
2310 2726 2323 2738 .
2400 2729 2411 2738 .
2487 2725 2498 2737 .

741 2759 792 2810 2.
847 2755 995 2809 unde
1033 2754 1167 2825 quid
1205 2754 1350 2809 absit
1423 2797 2233 2813 ..........
2303 2783 2320 2811 ‘.
2398 2800 2409 2811 .
2486 2800 2498 2811 .

529 2827 592 2882 C.
631 2827 718 2880 De
755 2826 1072 2881 accusativo
1106 2825 1232 2881 loci.

637 2897 1068 2951 Demonstratur
1103 2895 1334 2950 indicari

749 2973 791 3022 l.
848 2984 960 3037 quo
1014 2967 1149 3037 quid
1205 2972 1494 3021 moveatur
1549 2974 1650 3020 aut
1706 2965 1900 3020 tendat
1938 2972 2036 3019 aut
2073 2967 2118 3018 si
2158 2983 2375 3020 versum
2416 2968 2500 3021 vel

883 3037 1158 3108 pertineat
1250 3077 2497 3095 ...............

917 3112 972 3169 ει)
1009 3123 1121 3178 quo
1157 3107 1290 3178 quid
1331 3114 1618 3162 moveatur
1692 3148 2497 3166 ..........

920 3177 980 3248 b)
1016 3194 1127 3247 quo
1165 3177 1297 3248 quid
1338 3177 1531 3232 tendat
1607 3219 2498 3234 ...........

915 3253 964 3314 c)
1009 3265 1122 3318 quo
1157 3248 1291 3318 quid
1329 3265 1545 3302 versum
1585 3249 1658 3301 sit
1698 3249 1784 3302 vel
1821 3249 2095 3318 pertineat
2132 3290 2497 3308 .....

739 3321 789 3374 2.
845 3335 1012 3388 quam
1033 3319 1090 3371 in
1111 3326 1325 3390 partem
1347 3336 1536 3373 versus
1569 3320 1639 3372 ab
1673 3320 1860 3390 aliquo
1890 3319 2011 3373 loco
2030 3319 2166 3390 quid
2192 3321 2265 3373 sit
2294 3321 2375 3374 vel
2395 3322 2499 3374 fiat

916 3388 1190 3459 Exempla
1225 3390 1572 3444 attractionis
1608 3390 1857 3444 inversae
1956 3431 2495 3447 .......

319 3463 377 3514 Π.
417 3459 903 3526 Quemadmodum
941 3460 1133 3514 eodem
1190 3460 1303 3514 sive
1359 3459 1620 3514 adverbio
1676 3461 1789 3514 sive
1840 3477 1970 3514 casu
2012 3462 2193 3514 variae
2248 3461 2495 3516 locorum

424 3530 663 3584 rationes
700 3530 1088 3601 significentur
1160 3570 1967 3587 ..........
1992 3567 1997 3570 -
2044 3573 2497 3588 ......

531 3603 588 3654 Α.
633 3601 715 3654 De
753 3617 883 3655 casu
922 3600 1158 3654 locativo
1195 3606 1363 3671 atque
1401 3601 1676 3655 adverbiis
1714 3618 1855 3671 quae
1893 3602 2011 3654 eius
2050 3609 2179 3654 sunt
2217 3602 2337 3657 loeo

745 3673 792 3725 1.
848 3671 1179 3726 Formarum
1286 3688 1418 3725 nera
1453 3678 1852 3725 enumerantur
1952 3713 2494 3726 .......

738 3745 789 3796 2.
845 3741 1155 3808 Quemadm
1236 3758 1328 3794 um
1357 3759 1519 3796 casus
1555 3742 1825 3796 locativus
1861 3760 1926 3796 eo
1963 3760 2127 3796 sensu
2166 3742 2496 3797 adhibeatur

843 3813 938 3882 qui
976 3814 1235 3882 proprius
1271 3819 1355 3866 est
1391 3813 1635 3867 ablativo
1691 3854 2494 3870 ..........

670 3883 979 3952 Separatim
1020 3883 1338 3936 afferuntur
1391 3883 1514 3949 loci,
1571 3883 1777 3953 quibus
1832 3883 2136 3938 obveniunt
2190 3883 2380 3951 herile,
2416 3885 2495 3952 (a)

738 3970 900 4006 mane
923 3953 958 4018 i,
995 3953 1298 4024 temperile‚
1334 3953 1518 4022 lucile‚
1557 3954 1945 4023 praefiscinile,
1984 3954 2269 4024 peregrim,
2306 3955 2493 4021 rurise,

743 4024 970 4077 nomina
1006 4041 1106 4093 pro
1148 4025 1246 4090 ria,
1284 4024 1395 4077 alia
1509 4064 2492 4082 ............

669 4094 827 4161 Quae
864 4095 1049 4149 omnia
1120 4094 1339 4164 einceps
1377 4101 1772 4166 percenseatur
1862 4137 2492 4151 ........

739 4167 788 4220 3.
845 4165 1022 4219 Casus
1046 4164 1319 4219 locativus
1343 4171 1399 4219 et
1425 4165 1687 4219 adverbia
1711 4182 1853 4234 quae
1900 4169 2019 4219 eius
2056 4172 2187 4218 sunt
2211 4165 2333 4219 loco
2360 4181 2491 4234 qua·

844 4241 1006 4288 tenus
1037 4234 1409 4289 adhibeantur
1420 4235 1613 4290 eodem
1635 4253 1801 4290 sensu
1817 4244 1984 4306 atque
2009 4236 2360 4289 accusativus
2384 4235 2489 4288 loci

531 4305 590 4362 Β.
631 4307 714 4359 De
749 4306 996 4360 ablativo
1032 4322 1166 4360 casu
1200 4313 1257 4360 et
1293 4305 1568 4360 adverbiis
1606 4324 1748 4377 quae
1784 4307 1903 4360 eius
1941 4315 2072 4358 suut
2108 4307 2230 4360 loeo

742 4380 786 4430 l.
842 4376 1191 4431 Describitur
1215 4377 1397 4430 forma
1425 4377 1655 4431 ablativi
1682 4383 1849 4447 atque
1874 4384 2272 4430 enumerantur
2296 4393 2493 4445 genera

843 4446 1248 4508 adverbiorum,
1286 4463 1427 4517 quae
1453 4453 1551 4501 aut
1605 4448 1843 4502 formam
1884 4446 2094 4500 habent
2128 4446 2355 4499 ablativi
2394 4453 2492 4499 aut

840 4517 1072 4570 ablativi
1109 4523 1242 4570 sunt
1277 4518 1399 4572 loco
1513 4558 2489 4574 ............

2527 1883 2540 1894 .
2614 1843 2646 1894 8

2582 2264 2645 2318 10

2581 2476 2640 2526 11

2580 2546 2639 2596 11

2579 2617 2643 2667 12

2579 2688 2641 2739 13

2578 2758 2641 2809 13

2577 3042 2639 3093 14

2577 3113 2641 3164 14

2577 3183 2641 3234 lb·

2576 3255 2635 3305 17

2577 3324 2640 3374 ls

2575 3395 2637 3448 19

2570 3537 2637 3587 ‘20

2570 3679 2636 3729 20

2562 3818 2635 3868 ‘22

2569 4026 2633 4078 23

2567 4099 2627 4149 2?

2567 4237 2631 4289 33
