3325 5134
1116 564 1164 615 2.
1221 560 1653 614 Demonstratur
1690 558 1967 629 quomodo
2020 559 2145 612 fieri
2179 559 2446 684 {otuerin
2501 563 2565 612 ut
2602 559 2881 614 ablativus

1220 631 1546 700 fungeretur
1581 629 1751 684 etiam
1790 629 2051 684 omnibus
2087 629 2192 684 viel
2235 646 2303 684 us
2341 645 2502 684 casus
2540 629 2877 684 instrumen-

1221 701 1348 754 talis
1384 708 1440 755 et
1477 716 1734 770 magnam
1773 706 1988 770 partem
2028 699 2329 755 accusativi
2367 717 2589 771 quoque
2625 700 2732 755 loci
2776 744 2788 756 .
2862 745 2875 759 .
2952 703 3023 757 37

1115 777 1165 828 3.
1223 770 1502 826 Adverbia
1569 775 1739 841 atque
1799 770 2031 825 ablativi
2100 770 2390 825 nominum
2464 778 2879 841 percenseatur,

1222 849 1389 912 atque
1425 840 1716 895 disseritur

1291 916 1344 980 a)
1381 911 1449 966 de
1485 910 1743 965 adverbis

1433 983 1492 1053 α)
1527 999 1670 1053 quae
1706 986 1913 1035 exeunt
1932 981 1990 1034 in
2011 999 2119 1050 ·m;
2159 982 2457 1053 separatim
2495 982 2565 1036 de
2603 982 2879 1037 adverbiis

1575 1052 1839 1122 undique,
1859 1052 2157 1122 utrimque,
2183 1053 2467 1124 utrimque
2486 1070 2659 1121 seona,
2680 1053 2879 1107 altrin-

1575 1139 1751 1188 secus,
1788 1122 2138 1187 intrinsecae,
2176 1124 2521 1179 extrinsecus
2595 1164 2609 1178 .
2684 1168 2697 1181 .
2773 1165 2786 1177 .
2861 1164 2874 1177 .
2949 1126 3018 1178 41

1431 1200 1490 1262 β)
1528 1210 1673 1264 quae
1696 1199 1905 1247 exeunt
1929 1193 1986 1245 in
2026 1210 2110 1258 -03
2150 1193 2449 1275 separatim
2486 1193 2555 1248 de
2593 1193 2873 1248 adverbiis

1570 1264 1737 1330 intr0,
1773 1268 1937 1318 retro,
1977 1263 2144 1328 ultro,
2183 1269 2340 1331 citro,
2377 1281 2544 1334 porro
2595 1307 2607 1319 .
2683 1306 2696 1318 .
2774 1307 2785 1319 .
2863 1307 2875 1319 .
2950 1269 3024 1320 44

1428 1335 1483 1407 y)
1521 1351 1663 1405 quae
1690 1339 1897 1388 exeunt
1922 1335 1978 1387 in
2007 1339 2153 1388 ·tus2
2193 1335 2363 1402 intus,
2392 1335 2611 1402 subtus,
2636 1335 2878 1405 penitus,

1570 1404 1887 1475 (divinitus)
1974 1443 2874 1462 ...........
2947 1409 3019 1461 45

1431 1475 1483 1542 ὃ)
1522 1493 1666 1547 quae
1701 1481 1909 1529 exeunt
1932 1475 1990 1528 in
2018 1485 2074 1529 -a
2109 1477 2349 1547 (praeter
2386 1475 2663 1531 ablativos
2703 1475 2879 1538 viae):

1571 1553 1785 1612 eontra,
1860 1546 2131 1628 supra(d),
2222 1547 2384 1608 infra,
2478 1546 2880 1615 (circum)eirea

1571 1615 1817 1682 dextera,
1844 1615 2087 1683 sinistra,
2113 1633 2243 1682 una,
2284 1617 2495 1684 eadem,
2520 1633 2649 1688 qua,
2687 1615 2878 1688 aliqua

1571 1687 1739 1757 (quae
1767 1686 1875 1739 tria
1900 1703 2029 1739 eum
2056 1685 2318 1742 adverbio
2338 1705 2451 1741 una
2469 1688 2875 1758 conferuntur),

1569 1757 1693 1822 hae,
1730 1757 1888 1823 istae,
1925 1755 2068 1819 illae,
2105 1773 2187 1822 ea,
2225 1774 2353 1828 qua,
2391 1774 2543 1829 ·qua,
2580 1775 2716 1828 qua·
2770 1805 2782 1816 .
2860 1799 2873 1812 .
2947 1761 3017 1815 47

1294 1828 1355 1898 b)
1393 1828 1460 1883 de
1497 1827 1979 1882 substantivorum
2018 1827 2277 1880 ablativis

1434 1904 1488 1966 α)
1529 1901 1625 1969 qui
1669 1897 1873 1952 habent
1899 1897 2012 1950 vim
2036 1904 2136 1951 aut
2173 1897 2419 1952 ablativo
2456 1898 2735 1970 propriam
2774 1905 2875 1952 aut

1573 1968 1879 2024 accusativi
1914 1967 2023 2023 loci
2060 2010 2870 2027 ..........
2944 1971 3017 2024 52

1431 2041 1494 2110 β)
1531 2040 1627 2110 qui
1689 2039 1902 2094 habent
1957 2039 2068 2094 vim
2109 2039 2216 2094 loci
2272 2041 2425 2093 casui
2462 2039 2875 2094 instrumentali

1572 2111 3019 2180 propriam............53

1605 2187 1644 2248 β
1679 2182 1731 2250 1)
1765 2181 1850 2234 De
1888 2180 2149 2234 ablativis
2203 2180 2407 2251 quibus
2443 2180 2725 2235 indicatur
2761 2199 2875 2236 rem

1680 2251 1913 2304 alteram
1930 2267 2057 2305 eum
2072 2251 2249 2304 altera
2257 2260 2375 2305 arte
2389 2268 2507 2305 esse
2522 2251 2873 2306 coniunctam
2949 2253 3021 2307 53

1607 2327 1647 2389 β
1672 2322 1730 2390 2)
1768 2321 1854 2374 De
1892 2320 2151 2374 ablativis
2188 2321 2309 2375 viae
2421 2362 2874 2378 ......
2951 2326 3020 2377 54

1606 2398 1646 2459 β
1672 2391 1731 2461 3)
1772 2391 1854 2446 De
1891 2390 2149 2444 ablativis
2190 2391 2395 2461 quibus
2430 2391 2727 2459 indie-atur,
2779 2409 2877 2462 per

1680 2461 1828 2532 quod
1869 2461 2111 2532 spatium
2151 2461 2287 2531 quid
2322 2461 2657 2516 extendatur
2683 2507 2696 2520 .
2770 2507 2783 2520 .
2859 2506 2873 2518 .
2948 2467 3018 2517 59

1431 2531 1488 2603 y)
1525 2531 1622 2601 qui
1658 2531 1871 2586 habent
1907 2531 2016 2585 vim
2058 2531 2280 2586 locativi
2342 2532 2448 2586 loci
2488 2539 2588 2585 aut
2642 2533 2873 2587 mixtam

1573 2619 1700 2655 eum
1743 2603 1795 2655 vi
1835 2602 2247 2656 instrumentali
2285 2610 2387 2655 aut
2411 2619 2635 2668 meram,
2675 2604 2873 2685 quain

1572 2689 1632 2726 re
1669 2673 1835 2726 simul
1872 2673 2209 2742 exponitur„
2246 2673 2341 2742 qui
2396 2673 2608 2726 factum
2666 2679 2753 2728 Slt.
2810 2681 2876 2726 ut

1573 2743 1861 2797 nominum
1934 2743 2163 2796 ablativi
2237 2742 2637 2797 adhiberentur
2706 2744 2870 2797 etiam

1575 2831 1741 2867 sensu
1780 2830 1927 2867 mere
1964 2813 2204 2868 locativo
2241 2852 2871 2871 ........
2946 2816 3018 2867 59

805 2945 808 2950 ,
1505 2884 1819 2956 Separatim
1858 2901 1893 2936 a
1929 2884 2044 2936 itur
2079 2883 2147 2936 de
2184 2883 2445 2937 ablativis
2480 2878 2638 2950 ‘1000,
2674 2878 2825 2937 locis’

904 2958 962 3014 O.
1006 2957 1090 3010 De
1125 2972 1258 3010 casu
1296 2956 1615 3011 accusativo
1650 2962 1709 3010 et
1744 2954 1915 3010 adver
1952 2953 2037 3021 iis,
2074 2971 2216 3024 quae
2252 2955 2371 3008 eius
2407 2960 2541 3007 sunt
2577 2953 2698 3008 loco
2772 2994 2786 3006 .
2860 2995 2874 3008 .
2947 2954 3018 3008 68

905 3029 967 3082 D.
1011 3030 1084 3080 lle
1120 3026 1396 3081 adverbiis
1433 3043 1574 3097 quae
1611 3044 1790 3098 neque
1828 3026 1882 3079 vi
1920 3042 2099 3096 neque
2135 3025 2317 3080 forma
2341 3024 2412 3079 ad
2438 3031 2651 3080 certum
2677 3041 2869 3078 casum

1083 3106 1210 3168 apte
1248 3098 1566 3152 referuntur

1123 3173 1163 3223 Ι.
1221 3169 1307 3221 De
1343 3167 1617 3221 adverbiis
1655 3185 1802 3239 quae
1835 3167 2171 3221 substantivi
2227 3183 2360 3221 casu
2398 3167 2589 3237 aliquo
2626 3173 2682 3220 et
2720 3182 2877 3236 prae-

1257 3237 1529 3307 positione
1565 3238 1918 3293 effieiuntur:
1972 3239 2213 3304 obviam,
2268 3237 2547 3302 intervias,
2574 3237 2875 3300 sublimen,

1258 3324 1462 3373 eoram,
1498 3309 1767 3368 cominus.
1803 3308 2036 3363 eminus.
2074 3307 2201 3361 ilico
2239 3347 2871 3365 ........
2947 3309 3017 3362 70

1117 3384 1164 3434 2.
1222 3378 1308 3432 De
1333 3376 1608 3431 adverbiis
1633 3394 1777 3448 quae
1805 3376 2135 3430 efficiuntur
2170 3377 2576 3446 praepositione
2601 3383 2657 3432 et
2684 3376 2876 3432 adver-

1261 3448 1352 3502 bio
1418 3448 1566 3518 ipso:
1621 3448 2012 3512 exadvorsum,
2096 3447 2250 3510 inibi,
2338 3447 2581 3514 interibi,
2628 3448 2875 3518 insuper,

1257 3518 1414 3583 ade0,
1450 3522 1840 3600 (quapropter)
1892 3561 1903 3574 .
1954 3519 1961 3525 ’
1980 3559 2875 3575 ...........
2950 3521 3018 3574 72

1117 3592 1166 3644 3.
1221 3590 1309 3643 De
1345 3595 1540 3643 ceteris
1575 3588 1851 3642 adverbiis
1888 3605 2127 3659 quorum
2168 3605 2297 3659 pars
2335 3588 2485 3659 prior
2521 3595 2607 3643 est
2643 3607 2873 3660 praepo-

1258 3660 1386 3714 sitio
1423 3666 1590 3730 atque
1627 3659 1697 3713 de
1733 3659 1823 3726 iis,
1857 3659 2061 3730 quibus
2098 3665 2164 3712 ut
2200 3660 2704 3730 praepositionibus
2740 3678 2875 3730 quo-

1257 3747 1366 3800 que
1402 3729 1488 3784 usi
1525 3737 1659 3784 sunt
1716 3731 1974 3786 Romani:
2031 3729 2284 3796 sublime,
2339 3730 2667 3796 sublimiter,
2704 3731 2877 3800 proti-

1262 3818 1409 3867 nam,
1447 3802 1720 3872 protinus,
1756 3802 1968 3871 procul,
2004 3818 2192 3924 protpe.
2249 3807 2490 3870 propter,
2548 3800 2875 3869 propinque,

1259 3872 1505 3943 propius,
1542 3873 1812 3942 proxime,
1850 3889 2055 3942 susque
2130 3888 2285 3941 eque,
2326 3877 2499 3939 poste,
2532 3872 2713 3936 iuxta,
2750 3870 2875 3923 iux-

1256 3943 1377 4008 tim,
1415 3959 1574 4012 pone,
1611 3944 1839 4010 circum,
1875 3958 2024 4013 prae.
2064 3941 2365 3995 seeundum
2422 3980 2873 3996 ......
2948 3946 3017 3998 73

1120 4021 1168 4068 4.
1229 4015 1303 4067 De
1329 4014 1494 4066 variis
1520 4015 1797 4067 adverbiis
1824 4030 1965 4084 quae
1992 4017 2234 4066 restant:
2274 4011 2452 4080 longe,
2492 4010 2731 4080 longule,
2756 4011 2877 4064 lon·

1256 4085 1478 4154 ginque,
1502 4083 1739 4155 longius,
1767 4083 2099 4153 longissime,
2120 4098 2313 4152 usque,
2333 4097 2567 4151 usquam
2598 4081 2875 4150 (uspiam),

1259 4172 1537 4224 nusquam
1628 4191 2875 4212 ...............
2950 4154 3019 4208 70·

1630 4296 1806 4350 Para
1848 4294 2089 4348 altera.

697 4423 856 4488 Quae
895 4420 1157 4475 adverbia
1193 4425 1360 4490 atque
1399 4436 1542 4490 quae
1568 4419 1796 4473 nomina
1820 4415 2229 4488 praepositione
2264 4432 2377 4470 non
2415 4416 2633 4472 adiecta
2668 4417 2726 4470 in
2764 4432 2878 4470 mo-

767 4493 1083 4615 ¹¹.¹¹¹¹¹.‘}{¹t·i³t
1111 4491 1322 4561 priseae
1377 4489 1699 4544 Latinitatis
1752 4489 1833 4542 ita
1874 4492 2168 4542 occurrant
2210 4491 2275 4539 ut
2328 4486 2573 4543 locorum
2636 4487 2881 4542 rationes

767 4579 905 4632 signi
937 4580 1054 4615 icen
1086 4577 1168 4616 ur.
