3325 5134
1341 371 1769 434 *41-

545 562 606 628 3.
663 562 975 627 Adverbia
1025 566 1210 645 atque
1259 564 1517 629 ablativi
1564 564 1878 629 nominum
1924 568 2375 646 percensentur.

543 686 769 750 Omnes
821 687 1148 766 ablativos,
1201 687 1307 770 qui
1353 689 1414 752 in
1462 689 1619 753 hanc
1668 689 2093 770 quaestionem
2141 690 2387 769 cadunt,
2452 689 2739 772 deinceps

364 792 880 872 percensebimuS,
928 793 1271 858 indicantes
1317 794 1380 857 in
1429 793 1707 876 singulis,
1760 796 2063 876 quatenus
2112 795 2235 859 sint
2278 795 2466 877 positi
2513 795 2619 874 ita,
2671 800 2741 859 ut

365 900 476 961 aut
523 898 762 964 omnino
810 919 926 964 non
972 900 1100 963 iam
1147 899 1478 965 sentiretur
1524 903 1633 965 aut
1666 900 1890 965 saltem
1922 901 2119 982 primo
2166 901 2304 965 visu
2351 921 2467 965 non
2516 921 2739 984 agnos-

363 1006 544 1068 catur
587 1004 680 1068 vis
730 1005 1001 1071 ablativo
1048 1006 1313 1089 propria.
1409 1004 1530 1070 Sed
1576 1025 1650 1070 ne
1700 1006 2029 1071 sescenties
2076 1006 2244 1070 idem
2276 1007 2358 1071 sit
2386 1008 2737 1073 iterandum

365 1111 429 1172 et
477 1110 621 1198 quia
670 1112 915 1193 saepius
963 1111 1128 1176 idem
1192 1112 1543 1194 exemplum
1610 1113 1777 1176 varie
1838 1112 1987 1177 licet
2032 1112 2375 1195 intelligere
2436 1116 2497 1178 et
2544 1114 2737 1196 expli-

367 1234 528 1294 care,
577 1216 866 1281 tabulam
914 1218 1248 1300 conscripsi
1297 1238 1419 1300 qua
1467 1218 1741 1283 eluceret
1788 1221 1939 1301 quot
1994 1219 2196 1283 modis
2261 1219 2502 1285 omnino
2562 1220 2739 1284 abla-

363 1321 532 1385 tivus
578 1322 638 1386 in
687 1323 891 1404 prisca
939 1324 1278 1389 Latinitate
1329 1324 1717 1389 adhibeatur.
1782 1325 2015 1388 Tamen
2049 1324 2238 1389 etiam
2270 1345 2427 1390 nunc
2460 1326 2739 1391 abstineo

364 1428 444 1491 ab
495 1428 784 1492 ablativis
830 1431 1147 1494 nominum
1193 1431 1412 1512 positis
1461 1450 1644 1494 sensu
1691 1449 1941 1513 prorsus
1985 1430 2273 1511 locatiVO,
2326 1432 2551 1514 quippe
2586 1452 2737 1512 quos

362 1553 557 1597 unum
602 1534 664 1597 in
710 1534 920 1599 locum
967 1538 1288 1618 congestos
1339 1537 1457 1601 sim
1501 1537 1763 1619 posthac
1808 1539 2211 1602 tractaturus

542 1657 892 1724 Adhibetur
938 1660 1012 1724 de
1058 1661 1192 1726 loco
1243 1661 1587 1726 ablativus:

997 1767 1047 1832 Ι.
1107 1787 1290 1831 sensu
1336 1768 1600 1850 propriO,
1650 1771 1723 1831 ut
1766 1767 2102 1832 indicetur:

459 1872 514 1936 1.
565 1871 724 1935 unde
774 1873 922 1954 quid
967 1875 1395 1954 proficiscatur
1442 1876 1552 1937 aut
1596 1875 1847 1955 petatur
1895 1875 2005 1938 aut
2052 1873 2216 1937 absit
2259 1875 2368 1938 aut
2400 1874 2482 1939 sit
2513 1876 2737 1954 ortum,

457 1980 515 2042 2.
567 1998 686 2059 quo
735 1999 767 2067 e
813 1979 948 2044 loco
998 1981 1134 2061 quis
1183 1983 1362 2062 agat;

361 2099 446 2165 Π.
501 2101 716 2166 eodem
766 2106 876 2168 aut
923 2103 1114 2167 simili
1163 2124 1344 2168 sensu
1394 2107 1580 2185 atque
1629 2103 2020 2168 accusativus
2066 2102 2190 2167 loci
2222 2105 2294 2166 ut
2325 2103 2737 2186 significetur:

460 2209 514 2272 1.
567 2227 684 2289 quo
734 2209 883 2290 quid
929 2211 1251 2274 moveatur
1297 2213 1407 2274 aut
1451 2208 1685 2290 tendat,

457 2316 515 2378 2.
567 2333 686 2396 quo
735 2315 883 2396 quid
931 2316 1237 2396 pertineat
1283 2319 1392 2381 aut
1437 2315 1520 2380 sit
1564 2315 1970 2395 referendum}

456 2423 515 2485 3.
569 2440 758 2502 quam
803 2421 863 2485 in
911 2425 1152 2504 partem
1200 2442 1413 2487 versus
1475 2422 1615 2487 inde
1676 2423 1751 2486 ab
1813 2422 2022 2505 aliquo
2090 2422 2225 2486 loco
2297 2421 2447 2504 quid
2518 2424 2741 2503 agatur

635 2530 744 2591 aut
789 2531 1097 2607 versetur3

879 2652 994 2718 ΙΠ.
1046 2672 1228 2718 sensu
1274 2653 1732 2718 instrumentali
1780 2672 1922 2717 cum
1970 2652 2226 2717 dicitur:

460 2761 516 2824 1.
571 2759 835 2823 alteram
881 2778 1014 2824 rem
1061 2779 1204 2824 cum
1253 2761 1451 2825 altera
1498 2762 1629 2824 arte
1677 2778 1811 2823 esse
1860 2759 2267 2837 coniunctam,

459 2867 517 2930 2.
569 2884 691 2946 qua
736 2865 836 2929 via
882 2866 982 2929 vel
1028 2867 1273 2949 regione
1323 2866 1469 2948 quid
1515 2868 1856 2945 moveatur,

457 2973 516 3035 3.
569 2991 677 3053 per
725 2973 887 3054 quod
935 2973 1206 3054 spatium
1256 2973 1406 3055 quid
1451 2972 1834 3037 extendatur.

547 3077 784 3142 Littera
831 3078 1074 3143 adiecta
1133 3078 1195 3142 in
1256 3079 1516 3162 singulis
1582 3098 1741 3160 quae
1812 3081 2153 3160 sequuntur
2220 3077 2545 3156 indicatur,
2619 3096 2738 3158 quo

369 3184 658 3266 quodque
707 3185 1060 3266 exemplum
1107 3187 1346 3267 spectet
1394 3187 1502 3249 aut
1547 3184 1709 3249 unde
1758 3183 2086 3265 explicatio
2135 3183 2217 3247 sit
2262 3182 2547 3265 petenda.

1209 3325 1269 3410 a)
1315 3327 1425 3392 De
1473 3325 1898 3391 adverbiis

547 3431 613 3514 α)
662 3449 865 3514 quae
937 3435 1216 3497 exeunt
1271 3433 1346 3498 in
1401 3453 1516 3498 -m.
1607 3432 1933 3497 Habemus
1979 3431 2227 3514 hinc(e),
2296 3431 2495 3511 istinc,
2566 3429 2739 3495 illinc

367 3538 602 3621 (illim),
652 3538 810 3618 inde,
860 3538 1152 3617 indidem,
1205 3538 1486 3603 alicunde
1545 3538 1947 3620 (aliquonde),
2014 3537 2278 3618 aliunde,
2336 3537 2514 3616 unde,
2581 3535 2738 3600 unde

368 3645 549 3709 unde.
627 3645 678 3724 I,
732 3647 921 3710 1-2,
1014 3643 1156 3708 Huc
1200 3646 1522 3726 praeterea
1571 3647 1882 3726 spectant:
1932 3644 2076 3710 Aul.
2112 3646 2239 3707 402
2289 3643 2397 3708 sed
2444 3642 2594 3724 quid
2639 3642 2740 3706 hic

367 3751 658 3815 clamoris
707 3751 902 3815 oritur
946 3749 1086 3813 hinc
1135 3769 1166 3812 e
1214 3751 1516 3833 proximo;
1579 3750 1716 3814 Mil.
1771 3752 1895 3814 154
1955 3750 2104 3814 foris
2152 3747 2506 3830 concrepuit
2564 3748 2736 3826 hinc;

375 3857 541 3920 1377
593 3857 753 3920 sensi
798 3856 938 3920 hinc
1001 3855 1267 3920 sonitum
1335 3855 1612 3920 fecerunt
1674 3855 1853 3921 fores
1947 3855 2214 3919 Possunt
2275 3856 2485 3917 tamen
2550 3853 2740 3917 etiam

366 3962 583 4026 referri
633 3962 710 4025 ad
754 3961 838 4039 II,
890 3964 966 4038 3;
1016 3961 1122 4026 As,
1154 3962 1279 4024 618
1328 3961 1487 4024 alter
1530 3960 1690 4039 hinc,
1740 3960 1881 4024 hinc
1907 3960 2067 4024 alter
2112 3959 2518 4042 appellemus»,
2566 3957 2617 4039 I,
2669 3961 2735 4036 2;

366 4069 558 4134 Most.
609 4070 734 4132 565
783 4067 923 4130 hinc
971 4069 1033 4131 et
1075 4067 1248 4131 illinc
1296 4067 1582 4131 exhibent
1611 4065 1945 4148 negotium,
1971 4065 2022 4146 I,
2074 4067 2111 4128 2
2143 4065 2245 4129 vel
2273 4064 2357 4145 II,
2394 4067 2465 4143 33
2515 4065 2736 4131 Baehr.

368 4175 564 4238 Naev.
615 4176 698 4237 56
747 4173 948 4255 (Paul.
1001 4172 1154 4253 271)
1226 4173 1385 4236 alius
1435 4171 1682 4236 aliunde
1750 4171 2053 4235 rumitant
2114 4171 2273 4234 inter
2319 4189 2403 4250 se,
2452 4169 2503 4249 I,
2554 4171 2594 4233 2
2639 4171 2738 4234 vel
2862 4184 2871 4190 ·

368 4281 452 4355 Π,
519 4283 590 4356 3;
649 4281 828 4344 Truc.
884 4280 1001 4342 131
1077 4278 1204 4342 oles
1259 4278 1420 4342 unde
1487 4297 1551 4342 es
1613 4277 2025 4358 disciplinam,
2073 4276 2157 4356 II,
2232 4279 2304 4351 2;
2375 4276 2559 4342 Poen.
2610 4278 2737 4340 560

371 4385 730 4467 peregrinus
780 4385 1047 4462 aliunde,
1095 4383 1208 4463 Ι,1
1261 4384 1360 4447 vel
1405 4382 1488 4464 ΙΙ,
1541 4386 1608 4461 2;
1658 4383 1794 4447 Mil.
1851 4384 1975 4447 607
2026 4381 2239 4464 nequis
2287 4384 2397 4445 aut
2440 4382 2583 4446 hinc
2631 4384 2741 4446 aut

373 4492 451 4556 ab
521 4491 698 4554 laeva
770 4494 879 4555 aut
947 4489 1024 4553 ab
1095 4489 1345 4554 dextera
1413 4492 1619 4554 nostro
1689 4488 1941 4554 consilio
1987 4491 2240 4552 venator
2300 4487 2483 4570 adsit,
2530 4487 2615 4569 H,
2666 4490 2734 4568 33
