3325 5134
1349 359 1739 423 ..7-

353 554 621 620 Romam
677 553 939 633 habitat,
1000 553 1164 618 intra
1216 553 1436 617 urbem
1483 552 1667 633 venit,
1732 574 1767 618 a
1816 552 2121 636 Gergovia
2183 541 2509 619 discessit’.
2605 552 2725 620 Sed

353 659 507 725 haec
551 659 726 726 nobis
769 659 918 725 licet
963 659 1156 724 missa
1199 658 1422 739 facere,
1487 659 1777 742 quoniam
1837 659 1911 724 de
1959 660 2035 723 iis
2099 660 2301 725 solum
2348 659 2575 724 dicturi
2622 680 2725 724 su-

355 785 496 830 mus
542 765 905 845 rationibuS,
956 783 1114 847 quae
1160 764 1610 848 praepositione
1657 785 1776 830 non
1824 765 2039 829 addita
2083 765 2354 830 indicare
2401 766 2568 831 licet.

527 871 824 937 Dicemus
869 872 1064 954 igitur
1106 871 1306 954 primo
1351 871 1486 936 loco
1534 871 1610 936 de
1657 891 1808 937 casu
1852 871 2138 952 locativo,
2189 872 2406 936 deinde
2454 872 2528 936 de
2576 892 2725 938 casu

353 978 649 1059 ablativo,
697 981 836 1043 tum
883 977 958 1042 de
1006 997 1157 1043 casu
1204 977 1576 1058 accusativo,
1628 980 1817 1060 atque
1867 977 1949 1042 ad
1994 978 2271 1061 singulos
2307 997 2487 1044 casus
2534 978 2725 1044 etiam

352 1103 426 1149 ea
470 1084 593 1150 loci
641 1084 934 1149 adverbia
978 1083 1334 1164 referemuS‚
1386 1103 1544 1166 quae
1579 1083 1839 1149 eandem
1870 1084 1997 1149 vim
2044 1086 2231 1167 atque
2264 1086 2502 1150 certum
2534 1104 2725 1167 quen-

350 1190 499 1255 dam
544 1209 762 1256 casum
805 1189 1094 1273 primitus
1139 1188 1432 1254 habuisse
1480 1193 1577 1254 est
1618 1189 1974 1255 verisimile.
2039 1190 2132 1254 De
2178 1189 2305 1254 illis
2353 1192 2566 1254 autem
2614 1190 2723 1255 ad-

350 1297 595 1377 verbiis,
646 1315 805 1379 quae
850 1315 1048 1379 neque
1079 1298 1331 1379 propter
1359 1295 1489 1360 vim
1516 1315 1717 1379 neque
1746 1299 1998 1379 propter
2042 1297 2310 1361 formam
2357 1296 2436 1362 ad
2483 1300 2722 1363 certum

349 1421 567 1468 casum
613 1404 758 1485 apte
804 1401 1170 1482 referuntur,
1219 1403 1440 1484 quarto
1486 1402 1691 1484 capite
1738 1421 2129 1484 exponemus,

523 1508 596 1574 In
643 1508 906 1592 singulis
954 1507 1264 1591 capitibus
1308 1507 1583 1590 primum
1627 1508 1898 1598 breviter
1926 1508 2269 1573 formarum
2301 1527 2526 1590 genera
2572 1527 2722 1573 enu-

347 1614 750 1696 merabimuS‚
801 1614 1019 1680 deinde
1067 1613 1142 1679 de
1189 1614 1432 1680 notione
1479 1613 1959 1696 disputabimus.
2052 1613 2260 1697 Atque
2321 1633 2478 1697 quae
2531 1614 2723 1679 inter-

348 1721 532 1787 cedat
572 1722 733 1788 ratio
778 1721 939 1786 inter
981 1721 1190 1787 locum
1237 1720 1319 1785 ad
1365 1739 1550 1802 quem
1597 1721 1759 1786 actio
1808 1721 2178 1803 cogitatione
2240 1721 2502 1786 refertur
2548 1741 2723 1786 eum-

347 1847 469 1910 que
512 1828 723 1894 locum
772 1827 880 1911 qui
927 1827 1057 1892 sive
1102 1827 1345 1892 nomine
1394 1827 1522 1891 sive
1571 1805 1904 1904 adverbiflY
1933 1826 2194 1907 dicatur,
2258 1828 2548 1910 quoniam
2594 1829 2723 1893 iam

345 1935 500 2000 satis
549 1937 644 1999 est
685 1934 1098 2017 disputatum,
1148 1935 1212 1998 et
1255 1935 1577 2015 praeterea
1623 1932 1968 1998 indicatum
2001 1953 2139 1998 eam
2172 1934 2345 1999 nobis
2370 1934 2565 2000 videri
2595 1935 2719 1999 vim

341 2040 662 2123 propriam
709 2042 898 2123 atque
943 2039 1275 2122 genuinam
1322 2058 1504 2105 casus
1549 2039 1823 2119 locativi,
1872 2042 1943 2104 ut
1990 2039 2355 2121 simpliciter
2416 2041 2522 2105 ubi
2569 2040 2719 2123 quid

347 2147 433 2211 sit
478 2147 576 2212 vel
623 2146 736 2211 fiat
783 2146 1043 2225 dicatur,
1094 2164 1234 2210 eam
1282 2163 1462 2210 casus
1511 2144 1771 2209 ablativi
1819 2147 1892 2210 ut
1959 2145 2162 2210 subsit
2230 2147 2492 2230 simplex
2551 2145 2720 2229 cogi-

344 2253 504 2318 tatio
549 2252 837 2318 movendi
885 2251 1188 2331 alicunde,
1240 2270 1379 2316 eam
1427 2270 1608 2316 casus
1682 2245 2021 2317 accusativi
2080 2254 2151 2316 ut
2212 2253 2413 2317 subsit
2459 2252 2720 2336 simplex

343 2359 645 2442 cogitatio
691 2358 977 2424 movendi
1026 2357 1256 2440 aliquo,
1306 2358 1459 2424 haec
1503 2357 1663 2422 infra
1732 2377 1851 2423 non
1894 2357 2023 2423 iam
2084 2358 2438 2423 curabimus
2500 2358 2609 2423 sed
2654 2358 2720 2423 id

344 2465 552 2548 potius
601 2465 1022 2548 spectabimus
1071 2464 1296 2547 quibus
1341 2464 1589 2546 legibus
1620 2463 1749 2528 vim
1780 2464 2013 2531 formae
2060 2465 2331 2529 habeant
2362 2465 2713 2547 genuinam,

342 2571 571 2653 quibus
621 2571 697 2636 ab
745 2590 865 2635 usu
912 2570 1175 2653 genuino
1225 2570 1510 2635 alienam.

521 2676 700 2756 Quod
745 2679 818 2741 ut
864 2676 1093 2741 clarius
1142 2678 1612 2758 cognosceretur
1655 2676 1995 2742 conducere
2042 2676 2259 2758 putavi
2304 2679 2489 2742 antea
2532 2696 2715 2741 usum

339 2783 616 2863 locativi,
665 2782 944 2862 ablativi,
995 2781 1332 2848 accusativi
1376 2781 1499 2846 loci
1544 2781 1881 2849 illustrare.
1972 2782 2073 2846 Ita
2134 2782 2443 2847 discemus
2490 2782 2715 2865 quibus

341 2909 488 2955 cum
533 2889 756 2954 verbis·
784 2888 1068 2972 singulae
1116 2888 1518 2971 cogitationes
1589 2890 1808 2953 coeant
1877 2890 2062 2970 atque
2122 2887 2189 2951 id
2249 2888 2404 2953 scire
2451 2891 2711 2970 oportet,

343 2995 492 3078 quia
537 3015 722 3078 saepe
769 2994 951 3060 aliter
985 2994 1258 3060 Romani
1304 2993 1596 3076 cogitant,
1649 2992 1829 3058 aliter
1872 3012 2000 3059 nos,
2071 2993 2402 3058 Praeterea
2445 2993 2715 3059 invenie-

343 3121 484 3166 mus
531 3102 722 3168 etiam
768 3103 1017 3184 praeter
1060 3099 1363 3164 rationem
1396 3118 1554 3182 quae
1591 3102 1686 3163 est
1731 3099 1891 3164 inter
1935 3099 2143 3166 locum
2192 3100 2273 3164 ad
2320 3120 2505 3182 quem
2553 3101 2713 3166 actio

345 3207 516 3273 verbi
560 3208 824 3272 refertur
871 3209 1059 3290 atque
1104 3206 1314 3272 locum
1362 3206 1468 3289 qui
1512 3206 1756 3271 nomine
1806 3205 2050 3286 dicitur,
2112 3206 2421 3289 quaedam
2478 3206 2712 3289 signifi-

342 3318 522 3380 catus
567 3333 794 3397 genera
836 3331 1020 3396 posse
1069 3312 1365 3396 distingui
1413 3314 1524 3377 aut
1566 3331 1717 3396 prae
1765 3313 1985 3379 ceteris
2033 3332 2167 3378 esse
2213 3313 2496 3395 insignia.
2587 3313 2713 3378 Ne-

342 3439 464 3503 que
509 3439 653 3486 vero
699 3419 777 3485 de
824 3419 1106 3485 omnibus
1165 3419 1262 3484 his
1331 3418 1658 3503 generibus
1726 3418 2055 3485 dicendum
2122 3419 2297 3485 nobis
2363 3419 2709 3502 videbatur,

341 3546 541 3610 neque
587 3526 947 3606 curandum,
997 3529 1069 3590 ut
1115 3544 1274 3608 quae
1308 3530 1652 3609 agerentur,
1705 3526 2173 3592 accuratissime
2218 3526 2378 3590 inter
2410 3546 2476 3591 se
2509 3530 2714 3592 essent

341 3633 544 3699 divisa
591 3653 663 3698 ac
709 3632 1037 3712 disiuncta,
1083 3631 1277 3696 immo
1325 3631 1632 3714 quaedam
1701 3637 1946 3715 praeter
2014 3636 2219 3698 cetera
2279 3652 2399 3696 usu
2444 3632 2711 3715 insignia

339 3744 532 3823 atque
576 3739 907 3823 praecipue
955 3737 1179 3821 quibus
1227 3756 1384 3819 quae
1432 3736 1727 3818 cogitatio
1761 3739 2062 3818 subesset,
2111 3758 2229 3802 non
2260 3739 2459 3820 primo
2493 3738 2711 3803 obtutn

339 3849 833 3930 cognosceretur,
884 3864 956 3910 ea
1001 3844 1316 3908 illustrare
1364 3843 1632 3907 maxime
1682 3843 1919 3908 consilii
1967 3847 2101 3908 erat
2144 3844 2355 3910 nostri.
