3325 5134
1617 393 2047 457 ...28-

651 584 850 650 solent
894 585 956 649 in
1003 585 1074 665 -i,
1125 585 1276 650 alibi
1319 587 1550 652 habent
1594 606 1679 652 -e.
1773 585 2053 670 Apparet
2113 585 2307 669 igittu‘
2373 585 2867 651 terminationem
2914 585 2936 649 i
2987 605 3024 649 a

651 690 946 772 stirpibus
995 711 1152 774 quae
1199 695 1423 758 exeunt
1464 693 1527 757 in
1575 693 1632 757 ei
1678 693 2049 758 translatam
2117 712 2251 758 esse
2321 691 2401 756 ad
2447 695 2703 770 ceteraS,
2762 709 2881 774 quo
2927 692 3024 756 lo-

650 796 889 862 cativus
937 797 1420 880 distingueretur
1488 799 1566 863 ab
1637 799 1931 878 ablativo,
2008 799 2108 862 cui
2174 798 2264 862 rei
2330 799 2592 862 fortasse
2664 797 3023 862 adiumento

647 901 896 966 fuerunt
939 903 1190 968 locativi
1237 903 1540 968 secundae
1573 904 2017 971 declinationis.
2082 905 2125 970 J
2129 923 2229 968 am
2277 908 2556 970 nostrum
2586 906 2649 966 et
2691 903 3020 986 inquirere,

646 1025 792 1071 num
840 1009 903 1073 in
947 1010 1072 1074 illis
1119 1010 1457 1091 vocabuliS,
1506 1010 1615 1075 ubi
1660 1011 1753 1075 vis
1802 1015 1897 1075 est
1962 1010 2251 1090 locativa,
2316 1010 2659 1076 scribamus
2706 1010 2746 1090 i,
2798 1028 3023 1092 agnos-

645 1115 838 1180 cendo
883 1114 1065 1180 illum
1111 1117 1363 1198 exitum,
1437 1120 1605 1197 (nam
1676 1117 1739 1180 in
1807 1117 2309 1198 inscriptionibus
2376 1116 2560 1182 modo
2626 1117 2667 1194 i,
2739 1115 2921 1180 modo
2988 1135 3023 1180 e

647 1220 913 1304 scriptus
960 1221 1307 1306 invenitur).
1400 1223 1607 1306 Atque
1651 1223 1719 1287 id
1765 1242 1910 1288 sane
1958 1223 2374 1288 commendari
2418 1223 2663 1287 videtur
2715 1241 2785 1286 eo
2834 1221 3019 1304 quod,

647 1326 753 1390 ubi
821 1327 1060 1393 codices
1126 1329 1512 1408 dissentiunt,
1567 1330 1829 1412 praeter
1898 1349 2089 1394 unum
2155 1330 2363 1394 locum
2432 1329 2641 1412 (Poen.
2715 1329 2878 1392 1037
2928 1327 3020 1392 A:

648 1433 1024 1516 Carthagine
1073 1437 1211 1517 ego)
1259 1436 1424 1517 quod
1471 1455 1544 1499 ex
1611 1436 1731 1500 hac
1797 1435 2016 1517 regula
2071 1435 2441 1517 postulatur,
2514 1433 2865 1500 testimonio
2912 1451 3021 1497 ve-

645 1539 904 1604 tustiore
954 1542 1016 1604 et
1064 1542 1346 1623 graviore
1379 1543 1476 1606 est
1518 1541 1841 1606 traditum.
1939 1540 2111 1604 idem
2172 1540 2342 1604 valet
2385 1540 2448 1603 in
2494 1540 2709 1604 formis
2756 1538 3022 1620 tempori

649 1647 760 1709 aut
803 1646 1065 1728 temperi
1115 1650 1300 1730 atque
1346 1647 1614 1713 locativo
1666 1646 1793 1711 luci
1861 1647 2101 1729 generis
2170 1645 2498 1710 masculini
2568 1650 2678 1710 aut
2722 1644 3017 1710 feminini.

822 1751 1241 1816 Traditum
1291 1756 1556 1818 autem
1604 1755 1726 1818 est
1773 1772 1836 1818 c:
1893 1753 2001 1818 As.
2054 1755 2179 1817 733
2227 1754 2529 1836 (tempore
2575 1752 2645 1830 P,
2693 1753 2749 1816 A
2798 1749 3017 1834 deest),

645 1857 825 1938 Epid.
874 1860 1002 1922 406
1051 1859 1352 1941 (tempore
1399 1860 1467 1939 P,
1506 1862 1564 1924 A
1610 1859 1829 1940 deest),
1892 1859 2056 1924 Men.
2108 1860 2277 1922 1020
2326 1858 2503 1942 (AP).
2556 1895 2637 1902 —
2696 1856 2839 1922 Aul.
2891 1858 3017 1922 748

647 1963 810 2046 (luce
859 1964 1058 2045 clara,
1116 1965 1171 2029 A
1220 1965 1451 2049 deest);
1501 1965 1618 2031 Ad.
1671 1967 1792 2030 841
1846 1949 1997 2049 (luci
2043 1966 2118 2044 A,
2168 1985 2311 2029 cum
2357 1964 2558 2045 prima
2602 1963 2728 2028 luci
2776 1963 2855 2037 Ρ;
2936 1982 3019 2026 -a

644 2068 782 2134 luce
831 2069 1037 2149 ceteri,
1085 2071 1285 2152 primo
1330 2071 1458 2137 luci
1503 2072 1694 2137 schol.
1745 2071 2023 2152 Bemb.);
2098 2070 2267 2135 Com.
2326 2070 2442 2135 inc.
2513 2069 2630 2134 inc.
2683 2071 2765 2134 70
2834 2068 3014 2152 (Non.

647 2177 794 2254 210,
851 2178 928 2240 15
976 2177 1113 2242 luce
1160 2178 1226 2258 F,
1288 2179 1355 2258 L,
1417 2178 1711 2258 W„rell.
1738 2177 1909 2262 luci).
1962 2215 2042 2222 --
2094 2176 2232 2242 Cas,
2265 2177 2387 2240 110
2437 2178 2602 2261 (rure
2632 2174 2708 2255 A,
2756 2175 2887 2240 iure
2920 2173 3014 2258 P),

645 2279 836 2346 Merc.
890 2284 1014 2347 760
1085 2285 1250 2368 (rure
1295 2283 1364 2363 P,
1413 2284 1539 2348 ruri
1600 2283 1703 2368 A),
1774 2283 1937 2348 Trin.
1992 2285 2115 2347 166
2166 2282 2330 2365 (rure
2384 2281 2453 2361 P,
2502 2281 2559 2345 A
2608 2280 2825 2364 deest),
2895 2279 3013 2345 Ad.

649 2389 775 2451 542
824 2387 977 2471 (ruri
1008 2388 1218 2466 codd.;
1266 2409 1408 2454 rure
1439 2391 1710 2455 testatur
1743 2388 1972 2472 Char),
2021 2389 2142 2454 Tit.
2179 2389 2368 2470 601161
2399 2390 2566 2472 (rure
2589 2389 2750 2452 teste
2785 2387 3014 2473 Char),

647 2493 830 2559 Poen.
882 2495 1003 2558 431
1057 2494 1497 2580 (Acheruntest
1518 2496 1671 2579 ΑΡ),
1724 2495 1901 2578 Gapt.
1952 2498 2079 2560 330
2127 2494 2333 2580 (Alide
2358 2495 2427 2574 P,
2477 2494 2532 2559 A
2566 2493 2781 2576 deest),
2831 2494 3013 2559 Poen.

651 2600 814 2664 1037
888 2600 1287 2684 (Carthagine
1333 2602 1408 2680 A,
1459 2602 1521 2665 -i
1569 2601 1662 2685 P),
1738 2601 1887 2667 Cist.
1944 2603 2065 2665 130
2114 2599 2397 2686 (Sicyone
2458 2601 2526 2680 P,
2576 2598 2761 2666 SJC.
2850 2600 3014 2682 A),

645 2705 830 2770 Most.
867 2708 994 2770 323
1043 2706 1349 2790 (cordeP,
1399 2707 1454 2771 A
1488 2708 1706 2791 deest).
1744 2745 1817 2754 -
1851 2707 2273 2789 temperei:
2309 2707 2473 2772 Men.
2509 2708 2656 2781 467,
2707 2706 2808 2770 Ps
2848 2707 3015 2770 1182

645 2811 732 2894 (111
778 2810 851 2890 Α,
902 2812 953 2876 Ρ
997 2813 1189 2878 habet
1245 2813 1574 2896 utrobique
1621 2813 1745 2897 -i);
1794 2817 2061 2894 temper.
2112 2812 2301 2878 Merc
2354 2814 2500 2877 990.
2552 2850 2633 2858 -—
2685 2812 3014 2896 [tempori.

643 2917 744 2982 Ps.
797 2919 922 2983 387
995 2918 1088 3003 (Ρ,
1162 2919 1270 2984 sed
1314 2919 1371 2983 A
1418 2920 1605 3002 gloss
1653 2919 1749 2986 Pl.
1812 2917 1989 3001 -eri),
2064 2918 2241 3002 Capt.
2298 2920 2421 2983 183
2469 2918 2549 3003 (A
2595 2917 2815 3000 deest),
2891 2919 3010 2983 191

644 3023 885 3106 (EJFZ,
935 3025 1056 3088 -eri
1101 3025 1261 3109 BD),
1309 3026 1430 3091 Tit.
1482 3026 1619 3111 22].
1737 3087 1743 3092 ,

821 3131 1054 3211 Quodsi
1107 3133 1442 3214 probamus
1512 3133 1797 3215 regulam
1865 3132 1957 3196 ita
2026 3133 2347 3210 statutam,
2422 3129 2854 3213 explicandum
2922 3132 3019 3194 est

646 3236 951 3317 quomodo
1021 3237 1220 3302 exitus
1311 3257 1344 3302 e
1435 3238 1720 3303 omnibus
1809 3238 1907 3301 his
1975 3237 2129 3302 locis
2213 3236 2546 3320 irrepserit.
2657 3235 2751 3300 De
2816 3235 3016 3300 tribus

644 3341 982 3423 originibus
1031 3342 1303 3424 cogitare
1349 3343 1514 3408 licet.
1599 3344 1654 3407 1.
1705 3342 1946 3408 Dixerit
1992 3342 2321 3424 quispiam,
2371 3343 2524 3407 haec
2570 3361 2705 3406 esse
2750 3341 3016 3424 vestigia

646 3447 870 3528 quibus
904 3446 1358 3512 demonstretur
1403 3448 1636 3512 exitum
1684 3454 1749 3509 -ἔ
1780 3448 1909 3512 vim
1949 3448 2278 3530 genuinam
2324 3448 2661 3513 locativam
2705 3448 2767 3512 in
2812 3447 3018 3530 prisca

646 3552 982 3619 Latinitate
1028 3554 1300 3619 nondum
1345 3573 1594 3636 prorsus
1666 3554 1967 3620 amisisse.
2064 3555 2265 3636 Quam
2335 3554 2415 3619 ad
2485 3555 2854 3620 sententiam
2899 3574 3018 3620 non

647 3660 870 3724 accedo
917 3665 1262 3743 propterea,
1313 3660 1478 3742 quod
1546 3680 1619 3726 ea
1665 3661 1757 3724 vis
1826 3661 1888 3725 in
1954 3661 2071 3727 hoc
2140 3662 2308 3726 exitu
2367 3662 2518 3726 alibi
2561 3681 2680 3726 non
2726 3660 3013 3740 cernitur,

644 3785 846 3847 pauca
893 3766 1054 3830 enim
1103 3767 1387 3848 exempla
1419 3787 1577 3849 quae
1609 3770 1850 3832 exstare
1882 3768 2185 3846 videntur,
2234 3768 2407 3833 velut
2451 3771 2718 3849 pectore,
2767 3766 3015 3849 regione

647 3871 843 3935 alium
888 3871 1115 3936 habere
1160 3873 1392 3936 fontem
1439 3873 1598 3936 infra
1643 3872 2105 3949 demonstrab03
2156 3877 2218 3938 et
2266 3873 2429 3956 quod
2460 3875 2523 3938 in
2568 3874 2665 3938 his
2696 3873 3015 3939 vocabulis

643 3977 795 4059 ipsis
840 3996 1029 4042 novas
1074 3977 1218 4042 illas
1263 3979 1500 4044 formas
1547 3978 1763 4044 addita
1809 3980 2239 4045 terminatione
2295 3991 2325 4041 ῑ
2382 3981 2687 4046 finxerunt
2730 3979 3013 4044 Romani.

646 4084 704 4147 2.
752 4082 1042 4148 Fortasse
1087 4082 1386 4150 indicavit
1431 4085 1693 4166 scriptor
1740 4104 1957 4150 sonum
2024 4086 2237 4150 littera
2306 4103 2358 4164 e,
2432 4085 2537 4168 qui
2590 4085 2835 4151 medius
2882 4086 3018 4149 erat

640 4188 802 4254 inter
846 4199 876 4249 ῑ
923 4193 986 4252 et
1031 4200 1086 4255 e.
1178 4190 1384 4274 Atque
1429 4193 1526 4256 est
1569 4191 1632 4255 in
1676 4190 2211 4273 inscriptionibus:
2269 4188 2362 4256 SC
2418 4190 2492 4256 de
2539 4191 2779 4257 Bacch:
2839 4179 3015 4273 ‘ques

644 4283 1192 4378 compromesisse',
1243 4297 1274 4360 I
1321 4298 1450 4362 814
1497 4299 1685 4382 (saec.
1720 4296 1809 4360 VI
1842 4298 1939 4361 vel
1971 4297 2121 4381 VII)
2166 4284 2438 4376 ‘Devas'‚
2473 4297 2567 4361 IX
2605 4298 2777 4362 3574
2824 4297 3012 4380 (saec.

644 4401 791 4485 Vll)
837 4389 1034 4482 ‘veciss
1107 4403 1164 4466 X
1236 4404 1406 4468 7265
1455 4404 1640 4487 (saec.
1697 4402 1788 4466 VI
1851 4403 1951 4466 vel
1996 4402 2147 4487 VIl)
2214 4390 2541 4484 ‘Apoline’.
2638 4403 2859 4485 Itaque
2928 4403 3014 4466 nil

645 4507 854 4574 obstat
897 4508 1224 4590 quominus
1270 4509 1504 4590 priscos
1551 4510 1833 4574 auctores
1878 4507 1969 4574 ita
2017 4507 2334 4591 scripsisse
2380 4511 2690 4590 putemus
2780 4511 3015 4589 Quam·-
