3325 5134
1591 412 2025 478 *20„..

621 601 800 689 elegi,
849 605 982 671 tam
1030 610 1316 672 accurate
1365 609 1427 672 et
1472 608 1651 690 plene
1703 607 1904 672 dicere
1950 607 2104 672 mihi
2148 607 2419 686 licuisse,
2469 609 2542 672 ut
2572 603 2657 671 nil
2686 605 3001 672 intactum

616 711 1085 794 relinqueretur,
1148 733 1265 777 non
1313 717 1408 778 est
1455 733 1562 777 cur
1607 713 1891 794 pluribus
1938 733 2256 794 exponam.
2351 713 2426 776 Id
2472 717 2680 777 tamen
2744 716 2999 777 conten-

620 816 765 882 dere
812 819 1014 882 ausim
1061 837 1133 882 ex
1180 819 1479 901 exemplis
1529 820 1742 884 allatis
1812 818 1995 884 facile
2067 838 2224 900 quae
2282 821 2520 883 restant
2581 821 2767 900 atque
2814 823 2887 883 ut
2933 819 2995 882 in

622 925 779 1014 hanc
826 925 1250 1007 quaestionem
1299 925 1546 997 cadunt,
1609 925 1701 988 ita
1760 925 1917 988 infra
1982 945 2096 989 non
2154 925 2610 997 tractabuntur,
2675 923 2993 1005 explicari.

683 1404 759 1484 ΙΙ.
823 1402 1461 1486 (luemadmodum
1522 1403 1786 1484 eodem
1845 1404 2015 1485 sive
2072 1403 2439 1484 adverbio
2497 1403 2667 1484 sive
2724 1421 2919 1485 casu

953 1527 1226 1608 variae
1283 1526 1612 1609 locorum
1675 1528 2030 1609 rationes
2088 1525 2652 1626 siunificentur.
2832 1525 2837 1528 ’

705 1739 775 1805 Α.
823 1738 914 1805 De
962 1755 1120 1805 casu
1169 1738 1456 1806 locativo
1504 1741 1700 1825 atque
1747 1737 2085 1807 adverbiis
2131 1755 2297 1824 quae
2345 1737 2490 1805 eius
2536 1741 2691 1805 sunt
2736 1738 2903 1808 loco.

793 1879 841 1944 1.
889 1879 1256 1942 Formarum
1305 1898 1530 1962 genera
1577 1881 2032 1943 enumerantur.
2103 1878 2241 1942 Hac
2288 1878 2347 1942 in
2396 1898 2459 1942 re
2508 1879 2815 1960 quaedam
2846 1883 2995 1944 suut

613 1984 1069 2066 praemittenda
1116 2004 1274 2066 quae
1323 1987 1604 2066 spectant
1651 1985 1732 2048 ad
1779 2003 1909 2048 rem
1958 1984 2518 2066 orthographicam.

789 2088 934 2155 Soni
983 2090 1087 2172 qui
1149 2093 1418 2172 aguntur
1477 2093 1621 2154 sunt
1668 2090 1760 2156 hi:
1812 2098 1865 2170 e,
1916 2102 1963 2169 ῑ,
2016 2085 2175 2175 es'isei
2239 2089 2279 2156 i.
2330 2108 2380 2154 e.
2433 2109 2615 2154 sonus
2675 2092 2991 2173 profectus

612 2215 649 2259 a
694 2195 1095 2278 diphthongo,
1169 2197 1275 2278 qui
1346 2196 1581 2261 diutius
1641 2195 1884 2260 medius
1946 2198 2080 2260 erat
2139 2196 2299 2260 inter
2344 2207 2375 2256 ῑ
2421 2198 2484 2260 et
2530 2207 2584 2276 e,
2648 2195 2867 2262 deinde
2924 2197 2991 2260 in

611 2300 896 2383 plurimis
945 2301 1100 2366 abiit
1157 2302 1220 2365 in
1267 2313 1315 2367 ῑ.
1408 2303 1614 2384 Atque
1675 2301 1986 2366 indicatur
2043 2301 2102 2365 in
2161 2301 2661 2383 inscriptionibus
2722 2321 2905 2367 sonus
2954 2308 2991 2366 e

612 2407 786 2489 signo
833 2407 926 2481 Ε;
990 2425 1174 2471 sonus
1221 2417 1251 2468 ῑ
1296 2426 1493 2489 usque
1541 2407 1621 2471 ad
1670 2427 1805 2473 ann.
1858 2409 1985 2471 608
2047 2426 2103 2473 a.
2153 2427 2212 2472 u.
2264 2427 2314 2473 c.
2365 2410 2717 2473 constanter
2760 2408 2812 2488 I,
2876 2428 2990 2490 po-

613 2516 780 2577 stera
829 2515 1036 2577 aetate
1097 2511 1342 2594 saepius
1387 2512 1505 2592 EI,
1576 2513 1638 2577 in
1704 2533 1849 2578 sono
1919 2513 2103 2577 tertio
2159 2513 2340 2577 valde
2410 2513 2748 2579 fluctuatur
2813 2533 2986 2580 usuS.

615 2616 918 2683 Scribitur
963 2619 1172 2683 Plauti
1220 2621 1424 2683 aetate
1482 2619 1850 2700 plerumque
1896 2620 1994 2683 EI
2056 2622 2166 2683 aut
2214 2620 2280 2698 Ε,
2342 2618 2653 2682 interdum
2700 2620 2765 2698 ῖς
2828 2621 2984 2686 conf.

615 2723 794 2790 Decr.
845 2724 1022 2791 Aem.
1072 2725 1281 2790 Paulli
1329 2728 1392 2789 et
1438 2723 1531 2789 Sc
1582 2725 1656 2788 de
1704 2725 1931 2790 Bacch.
2007 2725 2228 2807 Itaque
2278 2725 2333 2788 si
2382 2744 2456 2788 ea
2486 2724 2685 2790 forma
2730 2724 2989 2790 reddere

611 2831 877 2895 velimus
924 2832 1228 2896 vocabula
1276 2851 1400 2914 qua
1447 2831 1810 2913 scriptorem
1854 2831 2062 2913 ipsum
2110 2830 2478 2912 expressisse
2525 2831 2859 2896 verisimile
2890 2834 2990 2896 est

613 2937 826 3019 (atque
872 2937 935 3001 id
982 2938 1180 3019 primo
1229 2938 1480 3019 quidem
1528 2939 1751 3002 obtutu
1798 2937 2091 3001 scientiae
2138 2937 2480 3001 rationibus
2526 2938 2794 3002 maxime
2842 2956 2987 3003 con-

613 3062 837 3124 gruum
885 3063 1019 3108 esse
1065 3043 1352 3127 videtur),
1403 3063 1586 3108 sonus
1635 3043 1795 3128 elisei
1842 3063 2148 3125 nusquam
2195 3043 2255 3106 in
2303 3043 2511 3106 Plauti
2556 3043 2786 3107 fabulis
2834 3044 2988 3108 scri-

611 3149 846 3212 bendus
909 3152 1073 3213 esset
1119 3161 1164 3228 ῑ,
1238 3151 1346 3213 sed
1412 3156 1522 3214 aut
1581 3151 1634 3213 ei
1700 3152 1809 3213 aut
1856 3169 1906 3228 c,
1978 3149 2069 3212 ita
2117 3150 2276 3212 enim
2324 3149 2617 3213 Plantum
2667 3149 2986 3231 scripsisse

611 3259 707 3318 est
750 3254 1166 3320 verisimilius,
1262 3256 1363 3319 Ita
1411 3273 1550 3319 vero
1597 3275 1730 3318 rem
1790 3274 1903 3319 non
1953 3255 2258 3335 agendam
2307 3273 2441 3317 esse
2490 3260 2765 3336 apparet.
2860 3253 2987 3319 Sed

612 3360 947 3425 eruendum
995 3364 1091 3425 est
1136 3361 1333 3442 primo
1379 3361 1514 3425 loco
1564 3379 1723 3441 quae
1771 3360 2068 3441 cuiusque
2130 3360 2443 3442 scriptoris
2507 3364 2710 3424 aetate
2770 3361 2985 3443 singu-

606 3467 813 3531 lorum
859 3485 1146 3531 sonorum
1190 3467 1380 3530 fuerit
1424 3469 1667 3544 natura,
1720 3466 1883 3547 quod
1931 3485 2069 3530 cum
2121 3468 2216 3529 est
2263 3467 2597 3547 cognitum,
2647 3468 2983 3549 unusquis·-

610 3591 728 3653 que
777 3591 959 3636 sonus
1007 3592 1081 3636 ea
1125 3573 1325 3637 forma
1373 3575 1468 3636 est
1515 3572 1945 3654 exprimendus
2002 3591 2125 3653 qua
2188 3575 2615 3653 expresserunt
2672 3574 2813 3638 boni
2876 3575 2985 3654 qui

611 3679 899 3742 dicuntur
945 3679 1305 3744 Latinitatis
1341 3682 1642 3744 auctores
1718 3678 1875 3743 Cum
1923 3697 2064 3742 vero
2114 3681 2223 3742 aut
2270 3677 2345 3740 de
2394 3679 2524 3741 soni
2575 3679 2837 3742 alicuius
2872 3699 2983 3743 na-

607 3787 748 3848 tura
795 3785 997 3848 minus
1046 3787 1306 3862 constat,
1358 3787 1468 3849 aut
1515 3785 1843 3865 scriptores
1894 3784 2247 3848 Latinitatis
2296 3784 2567 3847 florentis
2613 3785 2733 3865 ipsi
2780 3786 2839 3848 in
2870 3786 2981 3850 illo

607 3890 914 3954 reddendo
961 3891 1078 3954 sibi
1127 3910 1242 3955 non
1301 3890 1725 3968 constiterunt,
1804 3909 2001 3971 neque
2070 3891 2229 3954 inter
2297 3890 2459 3953 viros
2522 3889 2734 3954 doctos
2796 3891 2982 3955 huius

609 3997 833 4059 aetatis
882 3997 956 4060 de
1003 3997 1120 4061 hac
1180 4017 1244 4061 re
1293 3998 1446 4062 satis
1507 3997 1805 4076 convenit,
1879 3997 2098 4078 optimi
2168 3996 2411 4061 codices
2470 4000 2613 4061 sunt
2682 3998 2981 4079 sequendi

604 4119 972 4182 unoquoque
1019 4103 1173 4167 loco.
1269 4104 1491 4185 Itaque
1551 4103 1671 4167 nisi
1716 4103 1873 4166 forte
1936 4121 2126 4166 causa
2185 4093 2485 4182 peculiari
2544 4103 2717 4167 aliud
2764 4108 2980 4186 postu-

607 4207 792 4286 latur,
844 4209 1016 4272 velut
1060 4209 1122 4271 in
1170 4209 1434 4273 editione
1482 4208 1717 4272 minore
1748 4208 2040 4272 Plautina
2073 4208 2201 4272 sive
2234 4228 2375 4272 cum
2409 4208 2675 4273 eduntur
2720 4209 2981 4291 inscrip-

605 4313 820 4392 tioneS,
872 4315 1056 4379 scribi
1101 4316 1289 4379 velim
1323 4315 1626 4380 secundae
1660 4313 2086 4378 declinationis
2122 4333 2335 4377 casum
2368 4315 2721 4396 genetivum
2767 4315 2981 4380 littera

605 4419 644 4490 i,
719 4419 832 4482 etsi
884 4421 1130 4502 saepius
1201 4425 1296 4484 est
1364 4421 1668 4484 traditum
1716 4421 1789 4500 ei,
1864 4419 2035 4483 velut
2102 4419 2289 4485 Most.
2346 4421 2532 4499 1079,
2606 4421 2772 4486 Pers.
2826 4423 2975 4500 315,

603 4525 782 4590 Truc.
834 4527 936 4599 43,
996 4528 1158 4592 alibi.
1267 4527 1502 4590 Deinde
1573 4546 1756 4590 sonus
1827 4525 1933 4590 ille
2002 4529 2172 4590 ortus
2235 4545 2307 4589 ex
2377 4526 2757 4608 diphthongo
2825 4527 2979 4592 Acci
