3325 5134
1622 384 2057 448 ...go-.-

653 591 870 643 sonum
914 573 1236 659 habemuS,
1287 577 1395 661 qui
1437 578 1684 645 medius
1750 581 1884 644 erat
1927 579 2088 644 inter
2131 578 2154 642 i
2200 580 2263 642 et
2310 597 2361 657 e,
2410 576 2599 660 atque
2645 572 2735 641 ita
2781 573 3026 659 postera

651 686 856 749 aetate
899 685 1091 749 fuisse
1139 685 1344 750 elucet
1390 703 1461 749 ex
1507 685 1712 750 verbis
1762 685 2117 766 appendicis
2149 684 2336 747 Probi
2387 684 2509 747 199
2558 683 2727 766 (16):
2779 683 2850 746 In
2895 682 3025 746 11611

649 809 845 872 neque
891 790 912 854 i
958 809 1156 872 neque
1203 809 1236 854 e
1304 791 1488 872 plane
1559 790 1812 855 auditur
1879 791 2061 874 (conf.
2114 789 2320 870 Quint.
2372 789 2401 852 I
2451 791 2511 868 4,
2562 791 2601 852 8
2652 791 2837 870 atque
2884 789 2917 852 I
2968 790 3022 867 7,

652 895 780 978 22).
873 895 1035 960 Tum
1080 915 1222 960 vero
1267 896 1332 961 in
1379 915 1655 962 sermone
1726 895 2061 961 cottidiano
2131 896 2483 960 constanter
2529 897 2845 976 correptus
2893 896 3023 958 erat

652 1002 848 1068 exitus
895 1009 1004 1085 ise,
1040 1003 1194 1068 conf.
1228 1002 1436 1068 Liuds,
1471 1023 1574 1085 pg.
1610 1004 1693 1067 26
1734 1003 1978 1086 (poetae
2001 1021 2144 1067 vero
2193 1001 2599 1066 distinxerunt
2642 1000 2801 1065 inter
2842 986 3025 1065 ‘herr'

651 1110 715 1172 et
756 1093 995 1192 ζ116119).
1090 1105 1214 1172 Sed
1259 1107 1471 1173 Plauti
1517 1110 1725 1173 aetate
1771 1108 1823 1172 si
1889 1108 2019 1172 iam
2088 1107 2164 1171 de
2202 1107 2506 1172 brevitate
2574 1106 2759 1170 huius
2824 1105 3020 1170 exitus

652 1213 1048 1294 constitisset,
1120 1213 1229 1277 ille
1301 1213 1566 1278 scribere
1635 1232 1753 1277 non
1820 1213 2127 1295 potuisset
2193 1212 2353 1279 herr.
2475 1212 2636 1276 Puto
2703 1211 2896 1293 igitur
2962 1212 3023 1274 in

649 1319 854 1400 prisca
897 1318 1236 1384 Latinitate
1281 1338 1412 1382 rem
1458 1319 1615 1384 hanc
1659 1319 1872 1400 fuisse,
1920 1322 1993 1384 ut
2038 1318 2237 1382 exitus
2286 1318 2562 1383 adverbii
2608 1317 2740 1381 heri
2784 1316 3027 1381 medius

652 1427 816 1490 esset
859 1425 1019 1489 inter
1062 1425 1083 1488 i
1132 1427 1319 1507 atque
1367 1444 1430 1503 e3
1504 1428 1566 1489 et
1631 1425 1794 1490 inter
1856 1425 2135 1490 vocalem
2193 1424 2450 1507 longum
2510 1428 2697 1506 atque
2761 1423 3025 1488 brevem.

652 1529 960 1612 Sequendi
1007 1550 1150 1612 ergo
1201 1533 1380 1595 erunt
1423 1549 1792 1614 unoquoque
1838 1531 1975 1596 loco
2018 1529 2261 1596 codices
2308 1529 2527 1612 optimi
2596 1529 2850 1614 (Heaut.
2902 1530 3024 1596 567

646 1625 843 1716 ‘heri',
891 1636 1028 1702 Mil.
1080 1639 1162 1702 59
1207 1623 1418 1717 ι11616’,
1466 1637 1635 1703 Ρ616.
1691 1639 1814 1701 108
1861 1624 2099 1720 ‘her-e').
2164 1673 2247 1682 —
2309 1635 2417 1700 De
2466 1635 2847 1701 adverbio
2892 1653 3027 1717 pc-

652 1761 728 1806 re
741 1742 961 1828 grile.
1079 1742 1470 1808 Vocabulum
1537 1729 1885 1827 ί1161·6ς11,”6’
1958 1741 2168 1824 aliquo
2236 1740 2420 1807 modo
2492 1741 2819 1806 cohaerere
2888 1761 3028 1805 cum

653 1847 1037 1912 substantivo
1109 1848 1243 1929 agri
1289 1849 1482 1929 patet.
1593 1847 1979 1930 Cogitaveris
2047 1851 2257 1911 autem
2326 1846 2563 1912 dictum
2632 1865 2765 1912 esse
2830 1835 3028 1928 ‘pere-

653 1939 860 2037 grisse'
907 1953 985 2017 ab
1035 1972 1184 2035 agro
1231 1955 1302 2017 ut
1343 1941 1660 2035 ‘perennis
1677 1939 1729 2016 e'
1780 1952 1857 2018 ab
1891 1971 2065 2031 anno,
2116 1955 2179 2017 et
2224 1953 2513 2018 adiectivi
2557 1952 2891 2036 peregrisle
2937 1953 3028 2016 lo-

652 2058 925 2123 cativum
971 2060 1098 2123 sive
1147 2059 1492 2123 ablativum
1541 2077 1675 2124 esse
1722 2059 2041 2141 peregri,·'e.
2126 2059 2361 2124 Tamen
2406 2058 2737 2141 quominus
2784 2057 2851 2122 id
2900 2076 3029 2122 cre-

653 2164 819 2245 dam,
869 2164 1027 2229 duae
1073 2184 1171 2231 166
1219 2165 1484 2230 obstant.
1547 2165 1828 2229 Primum
1878 2165 2039 2230 enim
2072 2164 2363 2229 adiectivi
2408 2165 2741 2250 peregrim
2784 2164 3028 2228 nullum

653 2274 749 2336 est
793 2271 1127 2354 vestigium
1174 2274 1432 2352 certum,
1483 2270 1722 2351 deinde,
1773 2273 1919 2355 quin
1973 2272 2089 2336 hoc
2138 2270 2426 2336 adverbio
2476 2271 2665 2336 etiam
2715 2290 2834 2353 quo
2883 2271 3031 2354 quid

649 2376 958 2457 mittatur,
1029 2376 1353 2458 indicetur,
1423 2397 1541 2442 non
1588 2379 1685 2442 est
1761 2378 2037 2443 dubium.
2130 2376 2497 2442 Locativum
2568 2379 2779 2442 autem
2823 2377 3030 2458 ipsum

653 2502 722 2547 eo
770 2501 956 2548 sensu
1001 2482 1153 2547 alibi
1223 2483 1578 2548 adhibuisse
1637 2484 1873 2566 priscos
1942 2483 2271 2564 scriptores
2340 2482 2691 2565 negandum
2759 2502 2893 2547 esse
2961 2486 3033 2547 ut

649 2588 808 2654 infra
856 2608 996 2652 sum
1042 2589 1593 2669 demonstraturus,
1665 2590 1757 2654 ita
1824 2589 2261 2671 experiendum
2328 2588 2481 2653 mihi
2550 2589 2811 2668 videtur,
2883 2609 3029 2652 num

653 2695 836 2759 aliter
880 2695 1065 2759 huius
1112 2694 1388 2759 adverbii
1433 2713 1585 2759 usus
1631 2696 1829 2778 possit
1876 2695 2191 2777 explicari.
2256 2693 2323 2758 Si
2369 2697 2581 2759 autem
2627 2695 2765 2777 quis
2812 2695 3034 2759 dixerit

648 2789 948 2883 ‘peregre'
997 2819 1130 2866 esse
1181 2801 1606 2867 accusativum
1652 2801 1893 2884 generis
1961 2802 2241 2867 neutrius
2288 2803 2351 2865 et
2396 2801 2697 2866 omissum
2742 2800 3031 2866 substan-

656 2906 857 2970 tivum
902 2894 1175 2987 ‘',locum
1252 2945 1332 2954 —-
1405 2926 1525 2990 quo
1573 2926 1720 2972 sane
1768 2908 2008 2990 generis
2055 2907 2333 2972 neutrius
2379 2907 2477 2972 usi
2524 2910 2668 2972 sunt
2712 2907 2900 2989 prisci
2947 2945 3030 2954 —

653 3012 778 3076 alia
826 3012 1108 3093 exempla
1154 3012 1444 3077 adiectivi
1490 3013 1731 3095 generis
1765 3015 2043 3078 neutrius
2076 3013 2342 3078 adhibiti
2376 3012 2455 3078 ad
2500 3012 2709 3077 locum
2752 3013 2814 3076 in
2847 3031 3031 3094 quem

654 3117 802 3199 quid
848 3117 1084 3182 feratur
1115 3118 1588 3201 significandum
1620 3120 2075 3202 praepositione
2109 3120 2341 3186 omissa
2372 3119 2589 3184 afferre
2623 3139 2739 3184 non
2784 3118 3029 3200 poterit.

652 3223 876 3305 Itaque
922 3243 1030 3307 pro
1078 3228 1244 3290 certo
1290 3224 1488 3289 habeo
1533 3212 1885 3311 ‘peregrise'
1921 3244 2055 3290 esse
2101 3224 2441 3290 locativum
2476 3225 2850 3290 substantivi
2898 3225 3031 3306 agri

653 3329 924 3412 praefixo
971 3328 1262 3394 adverbio
1307 3318 1483 3412 ε1161’.
1577 3329 1904 3412 Significat
1958 3330 2152 3413 igitur
2208 3320 2387 3396 ‘iiber
2429 3319 2643 3397 Land'.
2742 3329 3031 3395 Conferas

653 3440 867 3502 autem
897 3435 1063 3516 quod
1087 3435 1310 3501 attinet
1333 3435 1414 3500 ad
1445 3436 1741 3502 formam:
1766 3436 2032 3517 interibi,
2058 3436 2400 3515 interdum;
2419 3436 2499 3501 ad
2524 3456 2743 3502 usum:
2773 3437 3031 3516 eminus,

653 3543 920 3622 obviam,
959 3561 1186 3622 coram,
1226 3541 1451 3624 quibus
1491 3541 1799 3606 adverbiis
1821 3542 1974 3624 ipsis
2000 3542 2210 3609 variae
2234 3543 2513 3608 locorum
2542 3543 2813 3607 rationes
2842 3542 3033 3624 signi-

653 3649 933 3714 ficantur.
964 3686 1044 3694 ——
1083 3647 1190 3713 De
1239 3647 1618 3712 adverbio
1667 3649 2250 3736 praefiscinije.
2300 3649 2471 3714 Dicit
2512 3647 2751 3715 Eb'rard
2784 3651 3033 3712 secutus

657 3755 1056 3819 Corssenum:
1101 3753 1294 3832 „Cum
1334 3755 1430 3818 sit
1452 3754 1757 3819 locativus
1789 3754 1982 3820 flexus
2012 3755 2087 3820 de
2124 3773 2271 3820 voce
2302 3741 2774 3836 ‘praefiscinum'
2804 3793 2878 3800 —
2899 3774 3035 3818 vor-

652 3860 1052 3925 befindliches
1085 3860 1294 3926 Mittel
1311 3879 1509 3944 gegen
1525 3861 1785 3941 Zauber,
1806 3861 2211 3944 Vorkehrung
2226 3881 2419 3944 gegen
2439 3861 2699 3941 Zauber,
2729 3900 2797 3907 -—
2842 3861 3034 3942 signi-

652 3968 830 4032 ficat:
875 3967 936 4030 in
970 3966 1378 4048 Vorkehrung
1423 3985 1622 4049 gegen
1671 3967 1913 4031 Zauber
1948 3966 2303 4048 befindlich,
2347 3967 2410 4030 in
2447 3965 2792 4032 Sicherheit
2837 3985 3034 4049 gegen

654 4073 916 4153 Zauber,
950 4072 1344 4139 unberufen.“
1401 4071 1525 4137 Sed
1542 4073 2003 4138 substantivum
2028 4059 2803 4156 effingere‘praefiscinum'
2826 4092 2863 4135 a
2886 4073 3035 4136 Lin-

653 4199 816 4262 guae
846 4179 1102 4243 Latinae
1145 4179 1391 4261 legibus
1429 4184 1524 4244 est
1561 4180 1852 4260 alienum,
1891 4182 2056 4244 esset
2091 4180 2298 4262 potius
2334 4169 2832 4260 ‘praefiscinium'
2870 4180 3037 4244 eius-

655 4303 774 4369 que
794 4285 1098 4348 locativus
1129 4285 1577 4370 praefisciniille.
1626 4285 1843 4366 Neque
1868 4285 2070 4367 magis
2098 4285 2401 4366 quomodo
2434 4286 2637 4349 verbis
2662 4304 2849 4366 supra
2874 4286 3037 4349 alla-

653 4392 736 4454 tis
771 4409 984 4454 sensus
1036 4391 1395 4472 explicetur,
1444 4390 1751 4472 intelligo,
1838 4389 2062 4472 Itaque
2121 4395 2273 4472 puto
2322 4409 2357 4454 a
2406 4391 2648 4455 nomine
2683 4380 3035 4454 ‘fascinum'

653 4496 869 4560 fictum
894 4515 1028 4560 esse
1077 4496 1452 4560 adiectivum
1475 4483 1922 4578 ί11166116611116),
1974 4501 2044 4560 ut
2092 4516 2127 4560 a
2174 4496 2347 4578 signo
2378 4484 2771 4578 ‘praesignis'
2806 4497 3036 4581 (comp.
