3325 5134
1639 389 2028 453 ⁶..g--

821 580 1040 648 Altera
1070 585 1248 665 parte
1281 603 1404 666 qua
1434 584 1574 666 lege
1619 584 1771 649 illae
1817 583 2087 650 rationes
2135 582 2587 667 praepositione
2650 589 2761 651 aut
2807 582 3030 650 addita

648 691 758 754 aut
803 689 1034 755 omissa
1093 677 1530 772 significentur,
1601 691 1932 773 praecipue
2000 690 2263 773 pendere
2330 691 2637 756 invenitur
2684 711 2754 755 ex
2800 710 3029 774 genere

649 798 836 876 atque
885 795 1037 861 adeo
1087 815 1158 860 ex
1203 796 1265 859 vi
1313 796 1613 878 singulari
1671 798 2007 862 nominum.
2100 797 2346 862 Etenim
2405 797 2672 861 maxime
2732 797 3032 861 differunt

647 901 940 966 adverbia
1000 921 1036 966 a
1082 901 1449 983 nominibus
1517 906 1705 984 atque
1776 902 2084 985 quaedam
2152 903 2467 969 nominum
2537 922 2779 986 genera,
2850 903 3032 967 velut

644 1007 912 1088 urbium,
965 1008 1042 1073 ab
1093 1008 1252 1074 aliis.
1347 1009 1785 1091 Inscripsimus
1831 1010 2025 1092 igitur
2071 1011 2229 1075 hanc
2275 1012 2550 1093 partem:

821 1103 1017 1194 ‘Quae
1067 1113 1360 1178 adverbia
1408 1117 1594 1196 atque
1642 1134 1801 1198 quae
1833 1116 2080 1180 nomina
2110 1116 2565 1198 praepositione
2612 1134 2728 1181 non
2778 1114 3031 1180 adiecta

642 1221 704 1284 in
751 1220 1165 1284 monumentis
1226 1221 1467 1302 priscae
1527 1221 1885 1286 Latinitatis
1953 1222 2044 1286 ita
2101 1221 2332 1303 scripta
2392 1221 2533 1302 sint,
2606 1224 2676 1285 ut
2742 1222 3028 1287 locorum

643 1325 912 1390 rationes
959 1314 1424 1407 significentur.'
1549 1357 1551 1359 ·

819 1432 1100 1514 Apparet
1146 1434 1358 1496 autem
1403 1451 1520 1497 non
1567 1432 1723 1496 satis
1791 1432 1984 1496 fuisse
2042 1433 2275 1497 formas
2334 1433 2395 1496 in
2458 1432 2685 1514 quibus
2756 1451 3025 1514 praepo-

645 1538 787 1602 sitio
836 1541 931 1602 est
977 1538 1226 1618 omissa,
1277 1537 1645 1620 simpliciter
1692 1556 2069 1618 enumerare,
2135 1537 2244 1603 sed
2292 1538 2371 1603 ad
2417 1557 2548 1602 rem
2596 1538 2825 1603 clarius
2871 1538 3027 1602 illu-

647 1644 966 1709 strandam
1013 1643 1204 1709 etiam
1252 1663 1325 1708 ea
1369 1643 1432 1708 in
1480 1644 1705 1726 quibus
1752 1644 2126 1726 praepositio
2174 1648 2269 1708 est
2316 1644 2531 1710 addita
2580 1645 2786 1727 aliquo
2833 1643 3023 1710 modo

644 1751 834 1815 fuisse
885 1749 1270 1816 arcessenda.

821 1857 924 1920 lta
972 1858 1183 1921 autem
1229 1876 1361 1922 rem
1409 1876 1593 1940 agere
1637 1857 1895 1939 placuit,
1966 1860 2038 1921 ut
2108 1855 2182 1921 de
2251 1857 2327 1920 iis
2374 1859 2620 1920 tantum
2690 1856 3021 1937 diceretur,

646 1963 870 2044 quibus
916 1983 981 2027 re
1027 1982 1173 2027 vera
1222 1964 1502 2028 subiecta
1546 1962 1862 2028 videretur
1894 1962 2187 2046 cogltatio
2236 1963 2310 2026 de
2355 1963 2491 2027 loco
2540 1962 2767 2044 aliquo,
2816 1962 3023 2026 seclu-

645 2068 729 2132 sis
777 2069 1062 2133 omnibus
1109 2089 1268 2151 quae
1317 2072 1460 2135 sunt
1507 2069 1580 2134 de
1612 2072 1890 2152 tempore
1925 2073 2112 2151 atque
2158 2069 2361 2160 modo,
2433 2069 2653 2132 Varias
2686 2067 3023 2133 eorundem

645 2193 902 2238 casuum
953 2174 1504 2256 adverbiorumque
1550 2175 1783 2241 formas
1815 2178 2060 2240 tantum
2091 2177 2361 2240 tractare
2394 2175 2684 2240 constitui
2716 2177 3023 2257 quantum

647 2280 727 2345 ad
795 2300 928 2345 rem
996 2299 1154 2363 (11166
1225 2281 1678 2364 significaretur
1744 2282 2183 2346 illustrandam
2254 2301 2407 2364 opus
2478 2300 2613 2346 esse
2680 2280 3016 2346 videretur.

643 2387 784 2451 Hac
831 2389 1041 2450 autem
1086 2405 1152 2450 re
1200 2387 1536 2452 constituta
1583 2387 1658 2452 de
1694 2388 2068 2470 quibusdam
2114 2407 2274 2471 (11166
2308 2391 2591 2470 spectant
2639 2387 2719 2452 ad
2749 2387 3021 2452 formam

645 2492 898 2557 uberius
945 2492 1099 2557 mihi
1160 2491 1604 2573 disserendum,
1655 2493 1779 2558 alia
1838 2493 2058 2558 leviter
2116 2493 2446 2575 tangenda,
2508 2493 2711 2558 multa
2774 2493 3019 2558 silentio

643 2597 1198 2681 praetermittenda
1244 2597 1442 2672 fuisse,
1482 2599 1872 2682 intelligitur.
1937 2599 2195 2682 Spectat
2222 2599 2416 2681 igitur
2448 2599 2789 2682 disputatio
2835 2617 3019 2682 prae-

644 2705 822 2787 cipue
870 2705 950 2769 ad
996 2704 1277 2787 syntaxin
1321 2705 1580 2771 Latinae
1627 2705 1898 2788 linguae,
1962 2724 2157 2788 neque
2217 2705 2278 2768 in
2327 2705 2586 2788 singulis
2634 2705 3017 2772 coniecturas

641 2811 913 2876 virorum
982 2810 1303 2877 doctorum
1371 2811 1574 2894 magis
1644 2811 1856 2876 curavi
1925 2830 2113 2892 quam
2183 2812 2262 2875 ad
2329 2811 2502 2894 leges
2571 2811 3017 2894 grammaticae

644 2919 994 2984 accuratius
1041 2917 1416 2982 definiendas
1465 2918 1803 2983 conducere
1848 2919 2172 3000 putabam.

822 3025 1028 3107 Atque
1076 3042 1178 3089 eos
1227 3025 1557 3106 scriptores
1603 3029 1851 3090 tantum
1881 3025 1944 3089 in
1976 3025 2193 3108 priscis
2227 3025 2391 3105 duxi,
2444 3024 2549 3106 qui
2600 3027 2741 3089 ante
2789 3041 3017 3088 annum

647 3134 727 3196 75
778 3150 830 3196 a.
883 3129 992 3195 Ch.
1041 3150 1098 3196 11.
1171 3132 1281 3193 aut
1327 3132 1532 3195 omnia
1593 3134 1705 3195 aut
1749 3132 2047 3214 pleraque
2096 3133 2329 3213 scripta
2374 3132 2526 3195 iuris
2572 3130 2808 3212 publici
2852 3129 3017 3194 fece-

642 3240 802 3316 runt,
853 3238 1101 3300 secutus
1148 3236 1210 3298 in
1256 3235 1373 3299 hac
1420 3254 1485 3299 re
1517 3236 1825 3301 Bellium:
1879 3238 1971 3299 De
2019 3237 2272 3301 locativi
2317 3237 2377 3299 in
2426 3236 2629 3318 prisca
2676 3236 3015 3300 Latinitate

646 3343 706 3406 vi
754 3344 817 3405 et
860 3360 980 3405 usu
1025 3360 1128 3422 pg.
1179 3342 1238 3405 2.

819 3448 891 3511 In
937 3447 1142 3512 locis
1205 3446 1646 3511 afferendis
1718 3467 1939 3531 sequor
2008 3446 2405 3510 editiones
2474 3447 2622 3512 has:
2694 3446 2763 3512 T.
2812 3445 3015 3510 Macci

644 3554 855 3618 Plauti
902 3573 1058 3618 com.
1108 3571 1180 3616 ex
1224 3571 1344 3618 rec.
1436 3551 1510 3618 G.
1585 3552 1778 3619 Goetz
1840 3557 1903 3617 et
1962 3553 2062 3618 Fr.
2113 3551 2377 3632 Schoell‚
2439 3553 2607 3635 LipS.
2663 3554 2832 3618 1893
2880 3571 3012 3633 sqq.

645 3660 875 3747 (Editio
921 3658 1177 3741 minor);
1231 3697 1309 3703 -
1374 3658 1442 3723 P.
1491 3659 1760 3722 Terentii
1823 3659 2193 3724 comoediae.
2266 3658 2362 3724 ed.
2409 3659 2511 3724 Fr.
2562 3657 3011 3738 Umpfenbach,

644 3767 845 3832 Berol.
901 3755 1088 3830 1870.
1161 3800 1243 3810 —
1314 3762 1642 3828 Scaenicae
1707 3783 1960 3846 poeseos
2006 3764 2426 3830 Romanorum
2472 3762 2843 3842 fragmenta,
2916 3758 3011 3822 ed.

645 3874 716 3939 Ο.
765 3871 1060 3936 Ribbeck.
1131 3868 1298 3948 LipS.
1354 3869 1517 3934 1897
1599 3867 1716 3956 (ed.
1779 3871 2035 3954 minor);
2106 3908 2185 3918 —
2256 3869 2633 3948 Fragmenta
2688 3867 3013 3947 poetarum

642 3980 1060 4042 Romanorum
1129 3977 1381 4059 collegit
1449 3979 1510 4040 et
1579 3976 1931 4041 emendavit
1975 3978 2152 4041 Aem.
2201 3975 2531 4054 BaehrenS,
2594 3973 2762 4054 LipS.
2818 3973 3007 4052 1886,

646 4084 788 4150 CJL
835 4084 867 4147 I
915 4082 1008 4148 ed.
1057 4084 1170 4148 Th.
1219 4083 1586 4148 Mommsen.
1661 4121 1741 4128 —-
1815 4081 1902 4148 M.
1958 4081 2137 4146 Porci
2192 4080 2441 4147 Catonis
2488 4080 2582 4144 De
2631 4079 3012 4162 agricultura

643 4192 819 4256 liber.
885 4189 1266 4271 Recognovit
1309 4191 1390 4256 H.
1439 4189 1605 4268 Keil,
1656 4189 1823 4271 Lips.
1878 4189 2045 4253 1895
2096 4187 2216 4271 (ed.
2265 4187 2481 4266 minor,
2532 4186 2805 4252 numeris
2853 4185 3013 4250 indi-

645 4279 862 4360 cantur
907 4297 1170 4379 paginae
1218 4300 1282 4362 et
1325 4297 1586 4381 versus).
1652 4336 1733 4344 ——
1804 4296 1892 4362 M.
1936 4294 2193 4374 ‚Catonis
2240 4296 2485 4375 praeter
2541 4294 2777 4359 librum
2823 4293 2899 4356 de
2948 4311 3012 4355 re

644 4403 876 4468 rustica
936 4421 1094 4484 (11166
1157 4406 1400 4468 exstant
1469 4403 1564 4469 ed.
1634 4405 1823 4469 Henr.
1896 4401 2150 4479 Jordan,
2215 4400 2383 4482 LipS.
2438 4401 2625 4467 1860.
2698 4398 3012 4483 (Numeris

644 4508 953 4575 indicatur
997 4509 1364 4591 paginarum
1413 4515 1477 4575 et
1523 4529 1813 4574 versuum
1862 4508 2058 4594 ordo.)
2110 4545 2188 4555 -
2238 4507 2535 4572 Veterum
2579 4505 3015 4572 historicorum
