<?xml version="1.0" encoding="UTF-8"?>
<!DOCTYPE html PUBLIC "-//W3C//DTD XHTML 1.0 Transitional//EN"
    "http://www.w3.org/TR/xhtml1/DTD/xhtml1-transitional.dtd">
<html xmlns="http://www.w3.org/1999/xhtml" xml:lang="en" lang="en">
 <head>
  <title>
</title>
<meta http-equiv="Content-Type" content="text/html;charset=utf-8" />
  <meta name='ocr-system' content='tesseract 3.04.00' />
  <meta name='ocr-capabilities' content='ocr_page ocr_carea ocr_par ocr_line ocrx_word'/>
</head>
<body>
  <div class='ocr_page' id='page_1' title='image "./priscaelatinita00heckgoog_0015.png"; bbox 0 0 3325 5134; ppageno 0'>
   <div class='ocr_carea' id='block_1_1' title="bbox 1295 823 1769 927">
    <p class='ocr_par' dir='ltr' id='par_1_1' title="bbox 1295 823 1769 927">
     <span class='ocr_line' id='line_1_1' title="bbox 1295 823 1769 927; baseline -0.004 0"><span class='ocrx_word' id='word_1_1' title='bbox 1295 827 1612 927; x_wconf 83' lang='lat' dir='ltr'>Pars</span> <span class='ocrx_word' id='word_1_2' title='bbox 1690 823 1769 925; x_wconf 91' lang='lat'>1.</span> 
     </span>
    </p>
   </div>
   <div class='ocr_carea' id='block_1_2' title="bbox 335 1046 2716 1635">
    <p class='ocr_par' dir='ltr' id='par_1_2' title="bbox 337 1046 2713 1168">
     <span class='ocr_line' id='line_1_2' title="bbox 337 1046 2713 1168; baseline -0.001 -30"><span class='ocrx_word' id='word_1_3' title='bbox 337 1047 615 1141; x_wconf 77' lang='lat' dir='ltr'>Prisci</span> <span class='ocrx_word' id='word_1_4' title='bbox 671 1049 1164 1166; x_wconf 74' lang='lat' dir='ltr'><strong>scriptores</strong></span> <span class='ocrx_word' id='word_1_5' title='bbox 1213 1075 1447 1168; x_wconf 90' lang='lat' dir='ltr'>quas</span> <span class='ocrx_word' id='word_1_6' title='bbox 1501 1047 1909 1140; x_wconf 83' lang='lat' dir='ltr'>locorum</span> <span class='ocrx_word' id='word_1_7' title='bbox 1967 1047 2373 1139; x_wconf 82' lang='lat' dir='ltr'>rationes</span> <span class='ocrx_word' id='word_1_8' title='bbox 2430 1046 2713 1162; x_wconf 83' lang='lat' dir='ltr'>signi-</span> 
     </span>
    </p>

    <p class='ocr_par' dir='ltr' id='par_1_3' title="bbox 337 1170 2715 1291">
     <span class='ocr_line' id='line_1_3' title="bbox 337 1170 2715 1291; baseline -0 -29"><span class='ocrx_word' id='word_1_9' title='bbox 337 1170 824 1264; x_wconf 84' lang='lat' dir='ltr'>ficaverint</span> <span class='ocrx_word' id='word_1_10' title='bbox 877 1174 1559 1291; x_wconf 79' lang='lat' dir='ltr'>praepositione</span> <span class='ocrx_word' id='word_1_11' title='bbox 1629 1197 1815 1263; x_wconf 90' lang='lat' dir='ltr'>non</span> <span class='ocrx_word' id='word_1_12' title='bbox 1872 1171 2319 1278; x_wconf 85' lang='lat' dir='ltr'>adhibita,</span> <span class='ocrx_word' id='word_1_13' title='bbox 2377 1170 2715 1288; x_wconf 90' lang='lat' dir='ltr'>quibus</span> 
     </span>
    </p>

    <p class='ocr_par' dir='ltr' id='par_1_4' title="bbox 335 1295 2716 1412">
     <span class='ocr_line' id='line_1_4' title="bbox 335 1295 2716 1412; baseline -0.001 -27"><span class='ocrx_word' id='word_1_14' title='bbox 335 1295 658 1387; x_wconf 79' lang='lat' dir='ltr'>formis</span> <span class='ocrx_word' id='word_1_15' title='bbox 719 1296 958 1388; x_wconf 92' lang='lat' dir='ltr'>hanc</span> <span class='ocrx_word' id='word_1_16' title='bbox 1029 1297 1150 1387; x_wconf 92' lang='lat' dir='ltr'>ad</span> <span class='ocrx_word' id='word_1_17' title='bbox 1220 1322 1423 1389; x_wconf 88' lang='lat' dir='ltr'>rem</span> <span class='ocrx_word' id='word_1_18' title='bbox 1502 1297 1693 1388; x_wconf 91' lang='lat' dir='ltr'>sint</span> <span class='ocrx_word' id='word_1_19' title='bbox 1762 1295 1927 1402; x_wconf 91' lang='lat' dir='ltr'>usi,</span> <span class='ocrx_word' id='word_1_20' title='bbox 2004 1303 2466 1412; x_wconf 91' lang='lat' dir='ltr'>quatenus</span> <span class='ocrx_word' id='word_1_21' title='bbox 2523 1320 2716 1384; x_wconf 88' lang='lat' dir='ltr'>una</span> 
     </span>
    </p>

    <p class='ocr_par' dir='ltr' id='par_1_5' title="bbox 336 1417 2709 1635">
     <span class='ocr_line' id='line_1_5' title="bbox 336 1417 2709 1538; baseline -0 -31"><span class='ocrx_word' id='word_1_22' title='bbox 336 1418 849 1538; x_wconf 88' lang='lat' dir='ltr'>eademque</span> <span class='ocrx_word' id='word_1_23' title='bbox 945 1421 1239 1511; x_wconf 78' lang='lat' dir='ltr'>forma</span> <span class='ocrx_word' id='word_1_24' title='bbox 1322 1420 1443 1510; x_wconf 92' lang='lat' dir='ltr'>ad</span> <span class='ocrx_word' id='word_1_25' title='bbox 1527 1419 1840 1509; x_wconf 82' lang='lat' dir='ltr'>varias</span> <span class='ocrx_word' id='word_1_26' title='bbox 1916 1419 2323 1510; x_wconf 83' lang='lat' dir='ltr'>rationes</span> <span class='ocrx_word' id='word_1_27' title='bbox 2414 1417 2709 1532; x_wconf 84' lang='lat' dir='ltr'>signi-</span> 
     </span>
     <span class='ocr_line' id='line_1_6' title="bbox 1303 1543 1731 1635; baseline -0.002 -1"><span class='ocrx_word' id='word_1_28' title='bbox 1303 1543 1731 1635; x_wconf 84' lang='lat' dir='ltr'>ficandas</span> 
     </span>
    </p>
   </div>
   <div class='ocr_carea' id='block_1_3' title="bbox 328 1755 2712 3427">
    <p class='ocr_par' dir='ltr' id='par_1_6' title="bbox 330 1755 2712 2583">
     <span class='ocr_line' id='line_1_7' title="bbox 515 1755 2712 1841; baseline -0.001 -20"><span class='ocrx_word' id='word_1_29' title='bbox 515 1757 694 1821; x_wconf 82' lang='lat' dir='ltr'>Duae</span> <span class='ocrx_word' id='word_1_30' title='bbox 744 1757 920 1822; x_wconf 89' lang='lat' dir='ltr'>nobis</span> <span class='ocrx_word' id='word_1_31' title='bbox 967 1759 1184 1841; x_wconf 86' lang='lat' dir='ltr'>patent</span> <span class='ocrx_word' id='word_1_32' title='bbox 1231 1757 1384 1837; x_wconf 90' lang='lat' dir='ltr'>viae,</span> <span class='ocrx_word' id='word_1_33' title='bbox 1435 1775 1700 1839; x_wconf 88' lang='lat' dir='ltr'>quarum</span> <span class='ocrx_word' id='word_1_34' title='bbox 1733 1757 1997 1821; x_wconf 87' lang='lat' dir='ltr'>alteram</span> <span class='ocrx_word' id='word_1_35' title='bbox 2029 1757 2236 1820; x_wconf 89' lang='lat' dir='ltr'>utram</span> <span class='ocrx_word' id='word_1_36' title='bbox 2282 1755 2445 1820; x_wconf 87' lang='lat' dir='ltr'>iuste</span> <span class='ocrx_word' id='word_1_37' title='bbox 2494 1755 2547 1819; x_wconf 90' lang='lat' dir='ltr'>si</span> <span class='ocrx_word' id='word_1_38' title='bbox 2594 1755 2712 1820; x_wconf 90' lang='lat' dir='ltr'>eri-</span> 
     </span>
     <span class='ocr_line' id='line_1_8' title="bbox 331 1862 2708 1947; baseline -0 -21"><span class='ocrx_word' id='word_1_39' title='bbox 331 1881 472 1926; x_wconf 89' lang='lat' dir='ltr'>mus</span> <span class='ocrx_word' id='word_1_40' title='bbox 517 1863 827 1945; x_wconf 90' lang='lat' dir='ltr'>permensi</span> <span class='ocrx_word' id='word_1_41' title='bbox 875 1883 1033 1947; x_wconf 88' lang='lat' dir='ltr'>quae</span> <span class='ocrx_word' id='word_1_42' title='bbox 1067 1863 1362 1928; x_wconf 90' lang='lat' dir='ltr'>debemus</span> <span class='ocrx_word' id='word_1_43' title='bbox 1403 1864 1520 1928; x_wconf 88' lang='lat' dir='ltr'>hac</span> <span class='ocrx_word' id='word_1_44' title='bbox 1551 1866 1729 1945; x_wconf 89' lang='lat' dir='ltr'>parte</span> <span class='ocrx_word' id='word_1_45' title='bbox 1776 1863 2291 1945; x_wconf 72' lang='lat' dir='ltr'>praestiterimus</span> <span class='ocrx_word' id='word_1_46' title='bbox 2369 1862 2708 1927; x_wconf 80' lang='lat' dir='ltr'>Possumus</span> 
     </span>
     <span class='ocr_line' id='line_1_9' title="bbox 332 1961 2707 2051; baseline -0 -19"><span class='ocrx_word' id='word_1_47' title='bbox 332 1970 444 2033; x_wconf 89' lang='lat' dir='ltr'>aut</span> <span class='ocrx_word' id='word_1_48' title='bbox 488 1969 719 2034; x_wconf 74' lang='lat' dir='ltr'>formas</span> <span class='ocrx_word' id='word_1_49' title='bbox 767 1971 1178 2035; x_wconf 89' lang='lat' dir='ltr'>enumerando</span> <span class='ocrx_word' id='word_1_50' title='bbox 1227 1961 1512 2051; x_wconf 80' lang='lat' dir='ltr'>deinceps</span> <span class='ocrx_word' id='word_1_51' title='bbox 1561 1988 1867 2049; x_wconf 86' lang='lat' dir='ltr'>enarrare,</span> <span class='ocrx_word' id='word_1_52' title='bbox 1922 1988 2076 2051; x_wconf 88' lang='lat' dir='ltr'>quas</span> <span class='ocrx_word' id='word_1_53' title='bbox 2114 1969 2394 2033; x_wconf 87' lang='lat' dir='ltr'>locorum</span> <span class='ocrx_word' id='word_1_54' title='bbox 2440 1969 2707 2033; x_wconf 89' lang='lat' dir='ltr'>rationes</span> 
     </span>
     <span class='ocr_line' id='line_1_10' title="bbox 333 2073 2706 2158; baseline 0.001 -20"><span class='ocrx_word' id='word_1_55' title='bbox 333 2075 594 2156; x_wconf 88' lang='lat' dir='ltr'>singulis</span> <span class='ocrx_word' id='word_1_56' title='bbox 627 2075 1108 2158; x_wconf 88' lang='lat' dir='ltr'>significaverint</span> <span class='ocrx_word' id='word_1_57' title='bbox 1139 2076 1485 2158; x_wconf 76' lang='lat' dir='ltr'>scriptoreS‚</span> <span class='ocrx_word' id='word_1_58' title='bbox 1537 2078 1646 2139; x_wconf 90' lang='lat' dir='ltr'>aut</span> <span class='ocrx_word' id='word_1_59' title='bbox 1676 2075 1945 2139; x_wconf 86' lang='lat' dir='ltr'>rationes</span> <span class='ocrx_word' id='word_1_60' title='bbox 1978 2073 2264 2155; x_wconf 83' lang='lat' dir='ltr'>deinceps</span> <span class='ocrx_word' id='word_1_61' title='bbox 2296 2074 2706 2155; x_wconf 87' lang='lat' dir='ltr'>percensendo</span> 
     </span>
     <span class='ocr_line' id='line_1_11' title="bbox 331 2179 2706 2264; baseline -0 -20"><span class='ocrx_word' id='word_1_62' title='bbox 331 2180 395 2244; x_wconf 92' lang='lat' dir='ltr'>in</span> <span class='ocrx_word' id='word_1_63' title='bbox 443 2180 702 2263; x_wconf 85' lang='lat' dir='ltr'>singulis</span> <span class='ocrx_word' id='word_1_64' title='bbox 750 2180 986 2262; x_wconf 88' lang='lat' dir='ltr'>docere,</span> <span class='ocrx_word' id='word_1_65' title='bbox 1017 2200 1175 2264; x_wconf 90' lang='lat' dir='ltr'>quae</span> <span class='ocrx_word' id='word_1_66' title='bbox 1221 2181 1456 2247; x_wconf 89' lang='lat' dir='ltr'>formae</span> <span class='ocrx_word' id='word_1_67' title='bbox 1504 2185 1574 2246; x_wconf 94' lang='lat' dir='ltr'>ut</span> <span class='ocrx_word' id='word_1_68' title='bbox 1618 2181 1769 2246; x_wconf 88' lang='lat' dir='ltr'>illae</span> <span class='ocrx_word' id='word_1_69' title='bbox 1814 2180 2235 2245; x_wconf 87' lang='lat' dir='ltr'>indicarentur</span> <span class='ocrx_word' id='word_1_70' title='bbox 2278 2182 2525 2260; x_wconf 86' lang='lat' dir='ltr'>praesto</span> <span class='ocrx_word' id='word_1_71' title='bbox 2572 2179 2706 2243; x_wconf 88' lang='lat' dir='ltr'>fuc-</span> 
     </span>
     <span class='ocr_line' id='line_1_12' title="bbox 331 2284 2706 2371; baseline -0 -21"><span class='ocrx_word' id='word_1_72' title='bbox 331 2286 472 2352; x_wconf 88' lang='lat' dir='ltr'>rint.</span> <span class='ocrx_word' id='word_1_73' title='bbox 569 2286 915 2371; x_wconf 88' lang='lat' dir='ltr'>Sequemur</span> <span class='ocrx_word' id='word_1_74' title='bbox 958 2308 1105 2353; x_wconf 88' lang='lat' dir='ltr'>vero</span> <span class='ocrx_word' id='word_1_75' title='bbox 1152 2289 1320 2352; x_wconf 89' lang='lat' dir='ltr'>viam</span> <span class='ocrx_word' id='word_1_76' title='bbox 1365 2287 1639 2356; x_wconf 87' lang='lat' dir='ltr'>mediam</span> <span class='ocrx_word' id='word_1_77' title='bbox 1686 2286 1998 2370; x_wconf 89' lang='lat' dir='ltr'>quandam</span> <span class='ocrx_word' id='word_1_78' title='bbox 2058 2288 2132 2350; x_wconf 89' lang='lat' dir='ltr'>ut</span> <span class='ocrx_word' id='word_1_79' title='bbox 2190 2305 2349 2368; x_wconf 90' lang='lat' dir='ltr'>quae</span> <span class='ocrx_word' id='word_1_80' title='bbox 2397 2284 2477 2350; x_wconf 90' lang='lat' dir='ltr'>ad</span> <span class='ocrx_word' id='word_1_81' title='bbox 2522 2305 2706 2350; x_wconf 90' lang='lat' dir='ltr'>usum</span> 
     </span>
     <span class='ocr_line' id='line_1_13' title="bbox 334 2392 2705 2478; baseline -0 -21"><span class='ocrx_word' id='word_1_82' title='bbox 334 2393 418 2458; x_wconf 88' lang='lat' dir='ltr'>sit</span> <span class='ocrx_word' id='word_1_83' title='bbox 466 2394 668 2478; x_wconf 88' lang='lat' dir='ltr'>magis</span> <span class='ocrx_word' id='word_1_84' title='bbox 717 2395 1138 2461; x_wconf 74' lang='lat' dir='ltr'>accomodata.</span> <span class='ocrx_word' id='word_1_85' title='bbox 1217 2394 1460 2460; x_wconf 83' lang='lat' dir='ltr'>Clarius</span> <span class='ocrx_word' id='word_1_86' title='bbox 1509 2393 1816 2476; x_wconf 90' lang='lat' dir='ltr'>quomodo</span> <span class='ocrx_word' id='word_1_87' title='bbox 1862 2413 1959 2458; x_wconf 87' lang='lat' dir='ltr'>res</span> <span class='ocrx_word' id='word_1_88' title='bbox 2008 2396 2152 2476; x_wconf 89' lang='lat' dir='ltr'>apte</span> <span class='ocrx_word' id='word_1_89' title='bbox 2200 2392 2483 2456; x_wconf 89' lang='lat' dir='ltr'>videatur</span> <span class='ocrx_word' id='word_1_90' title='bbox 2526 2392 2705 2456; x_wconf 89' lang='lat' dir='ltr'>insti-</span> 
     </span>
     <span class='ocr_line' id='line_1_14' title="bbox 330 2500 1155 2583; baseline 0.001 -19"><span class='ocrx_word' id='word_1_91' title='bbox 330 2500 562 2564; x_wconf 87' lang='lat' dir='ltr'>tuenda</span> <span class='ocrx_word' id='word_1_92' title='bbox 609 2501 706 2564; x_wconf 90' lang='lat' dir='ltr'>his</span> <span class='ocrx_word' id='word_1_93' title='bbox 751 2500 1155 2583; x_wconf 87' lang='lat' dir='ltr'>intellegitur.</span> 
     </span>
    </p>

    <p class='ocr_par' dir='ltr' id='par_1_7' title="bbox 328 2604 2707 2900">
     <span class='ocr_line' id='line_1_15' title="bbox 507 2604 2707 2686; baseline -0.001 -16"><span class='ocrx_word' id='word_1_94' title='bbox 507 2605 769 2670; x_wconf 90' lang='lat' dir='ltr'>Omnem</span> <span class='ocrx_word' id='word_1_95' title='bbox 815 2606 936 2671; x_wconf 92' lang='lat' dir='ltr'>loci</span> <span class='ocrx_word' id='word_1_96' title='bbox 999 2607 1300 2671; x_wconf 89' lang='lat' dir='ltr'>rationem</span> <span class='ocrx_word' id='word_1_97' title='bbox 1363 2607 1444 2671; x_wconf 89' lang='lat' dir='ltr'>ad</span> <span class='ocrx_word' id='word_1_98' title='bbox 1487 2626 1682 2670; x_wconf 90' lang='lat' dir='ltr'>unum</span> <span class='ocrx_word' id='word_1_99' title='bbox 1752 2624 1823 2669; x_wconf 85' lang='lat' dir='ltr'>ex</span> <span class='ocrx_word' id='word_1_100' title='bbox 1890 2605 2092 2669; x_wconf 90' lang='lat' dir='ltr'>tribus</span> <span class='ocrx_word' id='word_1_101' title='bbox 2161 2604 2487 2686; x_wconf 89' lang='lat' dir='ltr'>generibus</span> <span class='ocrx_word' id='word_1_102' title='bbox 2557 2604 2707 2668; x_wconf 88' lang='lat' dir='ltr'>licet</span> 
     </span>
     <span class='ocr_line' id='line_1_16' title="bbox 328 2709 2704 2794; baseline -0.001 -19"><span class='ocrx_word' id='word_1_103' title='bbox 328 2712 572 2792; x_wconf 81' lang='lat' dir='ltr'>referre,</span> <span class='ocrx_word' id='word_1_104' title='bbox 639 2731 901 2794; x_wconf 91' lang='lat' dir='ltr'>quorum</span> <span class='ocrx_word' id='word_1_105' title='bbox 946 2713 1219 2794; x_wconf 90' lang='lat' dir='ltr'>primum</span> <span class='ocrx_word' id='word_1_106' title='bbox 1289 2713 1548 2777; x_wconf 89' lang='lat' dir='ltr'>efficitur</span> <span class='ocrx_word' id='word_1_107' title='bbox 1610 2711 1687 2776; x_wconf 89' lang='lat' dir='ltr'>iis</span> <span class='ocrx_word' id='word_1_108' title='bbox 1758 2711 1981 2793; x_wconf 89' lang='lat' dir='ltr'>quibus</span> <span class='ocrx_word' id='word_1_109' title='bbox 2049 2709 2453 2792; x_wconf 88' lang='lat' dir='ltr'>respondetur</span> <span class='ocrx_word' id='word_1_110' title='bbox 2514 2710 2704 2773; x_wconf 89' lang='lat' dir='ltr'>inter-</span> 
     </span>
     <span class='ocr_line' id='line_1_17' title="bbox 328 2815 2701 2900; baseline -0 -18"><span class='ocrx_word' id='word_1_111' title='bbox 328 2818 572 2900; x_wconf 76' lang='lat' dir='ltr'>roganti</span> <span class='ocrx_word' id='word_1_112' title='bbox 603 2818 710 2882; x_wconf 91' lang='lat' dir='ltr'>ubi</span> <span class='ocrx_word' id='word_1_113' title='bbox 725 2817 774 2898; x_wconf 70' lang='grc' dir='ltr'>ἱῑ,</span> <span class='ocrx_word' id='word_1_114' title='bbox 825 2817 1094 2882; x_wconf 87' lang='lat' dir='ltr'>alterum</span> <span class='ocrx_word' id='word_1_115' title='bbox 1123 2818 1528 2900; x_wconf 82' lang='lat' dir='ltr'>interroganti</span> <span class='ocrx_word' id='word_1_116' title='bbox 1559 2815 1786 2896; x_wconf 71' lang='grc'><strong>11111102,</strong></span> <span class='ocrx_word' id='word_1_117' title='bbox 1821 2817 2078 2881; x_wconf 89' lang='lat' dir='ltr'>tertium</span> <span class='ocrx_word' id='word_1_118' title='bbox 2108 2815 2511 2897; x_wconf 89' lang='lat' dir='ltr'>interroganti</span> <span class='ocrx_word' id='word_1_119' title='bbox 2536 2815 2701 2897; x_wconf 64' lang='lat' dir='ltr'>quoi?</span> 
     </span>
    </p>

    <p class='ocr_par' dir='ltr' id='par_1_8' title="bbox 329 2920 2702 3427">
     <span class='ocr_line' id='line_1_18' title="bbox 504 2920 2702 3007; baseline -0.002 -18"><span class='ocrx_word' id='word_1_120' title='bbox 504 2925 765 2989; x_wconf 86' lang='lat' dir='ltr'>Formae</span> <span class='ocrx_word' id='word_1_121' title='bbox 813 2924 1037 3007; x_wconf 88' lang='lat' dir='ltr'>quibus</span> <span class='ocrx_word' id='word_1_122' title='bbox 1097 2924 1375 2989; x_wconf 87' lang='lat' dir='ltr'>locorum</span> <span class='ocrx_word' id='word_1_123' title='bbox 1433 2923 1701 2987; x_wconf 89' lang='lat' dir='ltr'>rationes</span> <span class='ocrx_word' id='word_1_124' title='bbox 1764 2921 2188 3004; x_wconf 89' lang='lat' dir='ltr'>significantur</span> <span class='ocrx_word' id='word_1_125' title='bbox 2251 2920 2702 3002; x_wconf 81' lang='lat' dir='ltr'>praepositione</span> 
     </span>
     <span class='ocr_line' id='line_1_19' title="bbox 331 3026 2702 3112; baseline -0.001 -18"><span class='ocrx_word' id='word_1_126' title='bbox 331 3050 447 3094; x_wconf 89' lang='lat' dir='ltr'>non</span> <span class='ocrx_word' id='word_1_127' title='bbox 495 3030 728 3110; x_wconf 90' lang='lat' dir='ltr'>addita,</span> <span class='ocrx_word' id='word_1_128' title='bbox 776 3030 1115 3094; x_wconf 87' lang='lat' dir='ltr'>maximam</span> <span class='ocrx_word' id='word_1_129' title='bbox 1161 3030 1405 3112; x_wconf 87' lang='lat' dir='ltr'>partem</span> <span class='ocrx_word' id='word_1_130' title='bbox 1453 3029 1532 3093; x_wconf 88' lang='lat' dir='ltr'>ad</span> <span class='ocrx_word' id='word_1_131' title='bbox 1579 3030 1820 3092; x_wconf 90' lang='lat' dir='ltr'>certum</span> <span class='ocrx_word' id='word_1_132' title='bbox 1864 3027 2125 3092; x_wconf 88' lang='lat' dir='ltr'>nominis</span> <span class='ocrx_word' id='word_1_133' title='bbox 2176 3026 2438 3091; x_wconf 89' lang='lat' dir='ltr'>alicuius</span> <span class='ocrx_word' id='word_1_134' title='bbox 2486 3045 2702 3091; x_wconf 88' lang='lat' dir='ltr'>casum</span> 
     </span>
     <span class='ocr_line' id='line_1_20' title="bbox 330 3131 2698 3217; baseline -0.002 -17"><span class='ocrx_word' id='word_1_135' title='bbox 330 3140 586 3216; x_wconf 85' lang='lat' dir='ltr'>possunt</span> <span class='ocrx_word' id='word_1_136' title='bbox 629 3136 863 3201; x_wconf 88' lang='lat' dir='ltr'>referri.</span> <span class='ocrx_word' id='word_1_137' title='bbox 957 3135 1166 3217; x_wconf 90' lang='lat' dir='ltr'>Atque</span> <span class='ocrx_word' id='word_1_138' title='bbox 1213 3135 1330 3200; x_wconf 90' lang='lat' dir='ltr'>hoc</span> <span class='ocrx_word' id='word_1_139' title='bbox 1376 3134 1548 3200; x_wconf 89' lang='lat' dir='ltr'>cadit</span> <span class='ocrx_word' id='word_1_140' title='bbox 1593 3154 1711 3198; x_wconf 90' lang='lat' dir='ltr'>non</span> <span class='ocrx_word' id='word_1_141' title='bbox 1758 3134 1962 3198; x_wconf 87' lang='lat' dir='ltr'>solum</span> <span class='ocrx_word' id='word_1_142' title='bbox 2008 3133 2069 3196; x_wconf 89' lang='lat' dir='ltr'>in</span> <span class='ocrx_word' id='word_1_143' title='bbox 2118 3132 2363 3198; x_wconf 90' lang='lat' dir='ltr'>nomina</span> <span class='ocrx_word' id='word_1_144' title='bbox 2408 3131 2545 3214; x_wconf 90' lang='lat' dir='ltr'>ipsa</span> <span class='ocrx_word' id='word_1_145' title='bbox 2592 3132 2698 3197; x_wconf 89' lang='lat' dir='ltr'>sed</span> 
     </span>
     <span class='ocr_line' id='line_1_21' title="bbox 331 3238 2700 3324; baseline -0.001 -19"><span class='ocrx_word' id='word_1_146' title='bbox 331 3241 518 3305; x_wconf 89' lang='lat' dir='ltr'>etiam</span> <span class='ocrx_word' id='word_1_147' title='bbox 564 3242 627 3306; x_wconf 90' lang='lat' dir='ltr'>in</span> <span class='ocrx_word' id='word_1_148' title='bbox 674 3241 985 3322; x_wconf 86' lang='lat' dir='ltr'>adverbia,</span> <span class='ocrx_word' id='word_1_149' title='bbox 1036 3241 1263 3324; x_wconf 87' lang='lat' dir='ltr'>quippe</span> <span class='ocrx_word' id='word_1_150' title='bbox 1297 3260 1456 3323; x_wconf 91' lang='lat' dir='ltr'>quae</span> <span class='ocrx_word' id='word_1_151' title='bbox 1491 3260 1526 3304; x_wconf 89' lang='lat' dir='ltr'>a</span> <span class='ocrx_word' id='word_1_152' title='bbox 1558 3239 1900 3304; x_wconf 90' lang='lat' dir='ltr'>nomimum</span> <span class='ocrx_word' id='word_1_153' title='bbox 1949 3238 2196 3303; x_wconf 85' lang='lat' dir='ltr'>casibus</span> <span class='ocrx_word' id='word_1_154' title='bbox 2245 3258 2379 3302; x_wconf 89' lang='lat' dir='ltr'>esse</span> <span class='ocrx_word' id='word_1_155' title='bbox 2424 3239 2700 3321; x_wconf 88' lang='lat' dir='ltr'>profecta</span> 
     </span>
     <span class='ocr_line' id='line_1_22' title="bbox 329 3345 2697 3427; baseline -0.001 -16"><span class='ocrx_word' id='word_1_156' title='bbox 329 3347 412 3411; x_wconf 90' lang='lat' dir='ltr'>sit</span> <span class='ocrx_word' id='word_1_157' title='bbox 454 3347 998 3413; x_wconf 84' lang='lat' dir='ltr'>verisimillimum.</span> <span class='ocrx_word' id='word_1_158' title='bbox 1093 3345 1369 3412; x_wconf 85' lang='lat' dir='ltr'>Casuum</span> <span class='ocrx_word' id='word_1_159' title='bbox 1438 3349 1650 3410; x_wconf 90' lang='lat' dir='ltr'>autem</span> <span class='ocrx_word' id='word_1_160' title='bbox 1719 3345 1970 3427; x_wconf 84' lang='lat' dir='ltr'>linguae</span> <span class='ocrx_word' id='word_1_161' title='bbox 2017 3345 2274 3417; x_wconf 84' lang='lat' dir='ltr'>Latinae</span> <span class='ocrx_word' id='word_1_162' title='bbox 2339 3345 2513 3408; x_wconf 88' lang='lat' dir='ltr'>nobis</span> <span class='ocrx_word' id='word_1_163' title='bbox 2572 3348 2697 3408; x_wconf 89' lang='lat' dir='ltr'>tres</span> 
     </span>
    </p>
   </div>
   <div class='ocr_carea' id='block_1_4' title="bbox 201 3437 2698 3535">
    <p class='ocr_par' dir='ltr' id='par_1_9' title="bbox 201 3437 2698 3535">
     <span class='ocr_line' id='line_1_23' title="bbox 201 3437 2698 3535; baseline -0.001 -18"><span class='ocrx_word' id='word_1_164' title='bbox 201 3437 224 3458; x_wconf 67' lang='grc'>’</span> <span class='ocrx_word' id='word_1_165' title='bbox 329 3455 474 3518; x_wconf 87' lang='lat' dir='ltr'>sunt</span> <span class='ocrx_word' id='word_1_166' title='bbox 517 3452 916 3535; x_wconf 79' lang='lat' dir='ltr'>respiciendi:</span> <span class='ocrx_word' id='word_1_167' title='bbox 978 3452 1305 3532; x_wconf 79' lang='lat' dir='ltr'>locativuS,</span> <span class='ocrx_word' id='word_1_168' title='bbox 1369 3452 1703 3531; x_wconf 80' lang='lat' dir='ltr'>ablativuS,</span> <span class='ocrx_word' id='word_1_169' title='bbox 1770 3451 2180 3517; x_wconf 77' lang='lat' dir='ltr'>accusativus,</span> <span class='ocrx_word' id='word_1_170' title='bbox 2271 3450 2365 3516; x_wconf 89' lang='lat' dir='ltr'>Ac</span> <span class='ocrx_word' id='word_1_171' title='bbox 2410 3449 2698 3532; x_wconf 86' lang='lat' dir='ltr'>p&#39;rimitus</span> 
     </span>
    </p>
   </div>
   <div class='ocr_carea' id='block_1_5' title="bbox 320 3555 2697 4594">
    <p class='ocr_par' dir='ltr' id='par_1_10' title="bbox 320 3555 2697 4594">
     <span class='ocr_line' id='line_1_24' title="bbox 327 3555 2695 3642; baseline -0.001 -19"><span class='ocrx_word' id='word_1_172' title='bbox 327 3564 392 3623; x_wconf 89' lang='lat' dir='ltr'>et</span> <span class='ocrx_word' id='word_1_173' title='bbox 435 3559 764 3642; x_wconf 90' lang='lat' dir='ltr'>praecipue</span> <span class='ocrx_word' id='word_1_174' title='bbox 811 3578 961 3624; x_wconf 89' lang='lat' dir='ltr'>casu</span> <span class='ocrx_word' id='word_1_175' title='bbox 1005 3558 1272 3624; x_wconf 87' lang='lat' dir='ltr'>locativo</span> <span class='ocrx_word' id='word_1_176' title='bbox 1319 3556 1654 3641; x_wconf 87' lang='lat' dir='ltr'>significari</span> <span class='ocrx_word' id='word_1_177' title='bbox 1688 3556 1918 3622; x_wconf 89' lang='lat' dir='ltr'>alicubi</span> <span class='ocrx_word' id='word_1_178' title='bbox 1950 3556 2187 3640; x_wconf 88' lang='lat' dir='ltr'>aliquid</span> <span class='ocrx_word' id='word_1_179' title='bbox 2234 3575 2368 3621; x_wconf 90' lang='lat' dir='ltr'>esse</span> <span class='ocrx_word' id='word_1_180' title='bbox 2400 3557 2499 3620; x_wconf 90' lang='lat' dir='ltr'>vel</span> <span class='ocrx_word' id='word_1_181' title='bbox 2542 3555 2695 3637; x_wconf 89' lang='lat' dir='ltr'>fieri,</span> 
     </span>
     <span class='ocr_line' id='line_1_25' title="bbox 328 3662 2697 3747; baseline -0.001 -17"><span class='ocrx_word' id='word_1_182' title='bbox 328 3665 501 3730; x_wconf 87' lang='lat' dir='ltr'>casui</span> <span class='ocrx_word' id='word_1_183' title='bbox 547 3665 818 3730; x_wconf 86' lang='lat' dir='ltr'>ablativo</span> <span class='ocrx_word' id='word_1_184' title='bbox 867 3662 1121 3730; x_wconf 85' lang='lat' dir='ltr'>subesse</span> <span class='ocrx_word' id='word_1_185' title='bbox 1153 3665 1589 3747; x_wconf 87' lang='lat' dir='ltr'>cogitationem</span> <span class='ocrx_word' id='word_1_186' title='bbox 1620 3663 1908 3729; x_wconf 86' lang='lat' dir='ltr'>movendi</span> <span class='ocrx_word' id='word_1_187' title='bbox 1940 3663 2244 3743; x_wconf 89' lang='lat' dir='ltr'>alicunde,</span> <span class='ocrx_word' id='word_1_188' title='bbox 2295 3662 2467 3727; x_wconf 89' lang='lat' dir='ltr'>casui</span> <span class='ocrx_word' id='word_1_189' title='bbox 2513 3682 2697 3728; x_wconf 89' lang='lat' dir='ltr'>accu-</span> 
     </span>
     <span class='ocr_line' id='line_1_26' title="bbox 327 3768 2693 3852; baseline -0 -18"><span class='ocrx_word' id='word_1_190' title='bbox 327 3771 526 3836; x_wconf 89' lang='lat' dir='ltr'>sativo</span> <span class='ocrx_word' id='word_1_191' title='bbox 571 3771 857 3836; x_wconf 89' lang='lat' dir='ltr'>movendi</span> <span class='ocrx_word' id='word_1_192' title='bbox 901 3771 965 3835; x_wconf 91' lang='lat' dir='ltr'>in</span> <span class='ocrx_word' id='word_1_193' title='bbox 1011 3770 1286 3852; x_wconf 88' lang='lat' dir='ltr'>aliquem</span> <span class='ocrx_word' id='word_1_194' title='bbox 1330 3769 1538 3834; x_wconf 89' lang='lat' dir='ltr'>locum</span> <span class='ocrx_word' id='word_1_195' title='bbox 1599 3769 1714 3834; x_wconf 88' lang='lat' dir='ltr'>viri</span> <span class='ocrx_word' id='word_1_196' title='bbox 1777 3769 1942 3834; x_wconf 89' lang='lat' dir='ltr'>docti</span> <span class='ocrx_word' id='word_1_197' title='bbox 2006 3769 2345 3833; x_wconf 88' lang='lat' dir='ltr'>consentire</span> <span class='ocrx_word' id='word_1_198' title='bbox 2391 3768 2693 3834; x_wconf 84' lang='lat' dir='ltr'>videntur.</span> 
     </span>
     <span class='ocr_line' id='line_1_27' title="bbox 325 3873 2695 3958; baseline -0.001 -16"><span class='ocrx_word' id='word_1_199' title='bbox 325 3875 451 3942; x_wconf 89' lang='lat' dir='ltr'>Sed</span> <span class='ocrx_word' id='word_1_200' title='bbox 495 3877 810 3942; x_wconf 88' lang='lat' dir='ltr'>suboritur</span> <span class='ocrx_word' id='word_1_201' title='bbox 854 3877 1154 3958; x_wconf 87' lang='lat' dir='ltr'>quaestio,</span> <span class='ocrx_word' id='word_1_202' title='bbox 1203 3895 1351 3940; x_wconf 91' lang='lat' dir='ltr'>num</span> <span class='ocrx_word' id='word_1_203' title='bbox 1399 3894 1607 3939; x_wconf 91' lang='lat' dir='ltr'>omnes</span> <span class='ocrx_word' id='word_1_204' title='bbox 1665 3875 1786 3940; x_wconf 91' lang='lat' dir='ltr'>loci</span> <span class='ocrx_word' id='word_1_205' title='bbox 1847 3873 2115 3938; x_wconf 83' lang='lat' dir='ltr'>rationes</span> <span class='ocrx_word' id='word_1_206' title='bbox 2176 3874 2399 3955; x_wconf 90' lang='lat' dir='ltr'>quibus</span> <span class='ocrx_word' id='word_1_207' title='bbox 2444 3894 2695 3957; x_wconf 90' lang='lat' dir='ltr'>respon-</span> 
     </span>
     <span class='ocr_line' id='line_1_28' title="bbox 325 3979 2695 4064; baseline -0.001 -18"><span class='ocrx_word' id='word_1_208' title='bbox 325 3982 506 4046; x_wconf 91' lang='lat' dir='ltr'>detur</span> <span class='ocrx_word' id='word_1_209' title='bbox 550 3982 954 4064; x_wconf 89' lang='lat' dir='ltr'>interroganti</span> <span class='ocrx_word' id='word_1_210' title='bbox 999 3983 1154 4048; x_wconf 67' lang='lat' dir='ltr'>ubi?</span> <span class='ocrx_word' id='word_1_211' title='bbox 1225 3980 1429 4047; x_wconf 69' lang='lat' dir='ltr'>unde?</span> <span class='ocrx_word' id='word_1_212' title='bbox 1502 3979 1668 4063; x_wconf 68' lang='lat' dir='ltr'>quo?</span> <span class='ocrx_word' id='word_1_213' title='bbox 1737 3980 1865 4044; x_wconf 89' lang='lat' dir='ltr'>illis</span> <span class='ocrx_word' id='word_1_214' title='bbox 1914 3980 2161 4044; x_wconf 87' lang='lat' dir='ltr'>casibus</span> <span class='ocrx_word' id='word_1_215' title='bbox 2221 3979 2403 4044; x_wconf 91' lang='lat' dir='ltr'>nudis</span> <span class='ocrx_word' id='word_1_216' title='bbox 2449 3980 2695 4044; x_wconf 86' lang='lat' dir='ltr'>licuerit</span> 
     </span>
     <span class='ocr_line' id='line_1_29' title="bbox 325 4085 2691 4170; baseline -0.001 -18"><span class='ocrx_word' id='word_1_217' title='bbox 325 4087 689 4170; x_wconf 87' lang='lat' dir='ltr'>significare.</span> <span class='ocrx_word' id='word_1_218' title='bbox 755 4087 891 4169; x_wconf 79' lang='lat' dir='ltr'>Qua</span> <span class='ocrx_word' id='word_1_219' title='bbox 923 4087 998 4152; x_wconf 92' lang='lat' dir='ltr'>de</span> <span class='ocrx_word' id='word_1_220' title='bbox 1044 4107 1110 4152; x_wconf 81' lang='lat' dir='ltr'>re</span> <span class='ocrx_word' id='word_1_221' title='bbox 1159 4107 1278 4170; x_wconf 92' lang='lat' dir='ltr'>quo</span> <span class='ocrx_word' id='word_1_222' title='bbox 1323 4087 1572 4153; x_wconf 88' lang='lat' dir='ltr'>facilius</span> <span class='ocrx_word' id='word_1_223' title='bbox 1620 4089 1808 4168; x_wconf 90' lang='lat' dir='ltr'>atque</span> <span class='ocrx_word' id='word_1_224' title='bbox 1854 4085 2099 4150; x_wconf 86' lang='lat' dir='ltr'>brevius</span> <span class='ocrx_word' id='word_1_225' title='bbox 2146 4085 2343 4167; x_wconf 89' lang='lat' dir='ltr'>possit</span> <span class='ocrx_word' id='word_1_226' title='bbox 2390 4085 2691 4167; x_wconf 87' lang='lat' dir='ltr'>disputari</span> 
     </span>
     <span class='ocr_line' id='line_1_30' title="bbox 322 4191 2692 4277; baseline -0.001 -19"><span class='ocrx_word' id='word_1_227' title='bbox 322 4193 483 4259; x_wconf 86' lang='lat' dir='ltr'>infra</span> <span class='ocrx_word' id='word_1_228' title='bbox 531 4194 984 4277; x_wconf 80' lang='lat' dir='ltr'>distinguemus</span> <span class='ocrx_word' id='word_1_229' title='bbox 1029 4195 1190 4259; x_wconf 86' lang='lat' dir='ltr'>inter</span> <span class='ocrx_word' id='word_1_230' title='bbox 1219 4194 1560 4260; x_wconf 88' lang='lat' dir='ltr'>locativum</span> <span class='ocrx_word' id='word_1_231' title='bbox 1604 4193 1727 4259; x_wconf 89' lang='lat' dir='ltr'>loci</span> <span class='ocrx_word' id='word_1_232' title='bbox 1758 4195 1822 4258; x_wconf 90' lang='lat' dir='ltr'>et</span> <span class='ocrx_word' id='word_1_233' title='bbox 1853 4211 2068 4258; x_wconf 87' lang='lat' dir='ltr'>casum</span> <span class='ocrx_word' id='word_1_234' title='bbox 2096 4191 2453 4270; x_wconf 87' lang='lat' dir='ltr'>locativum,</span> <span class='ocrx_word' id='word_1_235' title='bbox 2506 4194 2692 4275; x_wconf 88' lang='lat' dir='ltr'>atque</span> 
     </span>
     <span class='ocr_line' id='line_1_31' title="bbox 321 4283 2692 4383; baseline -0.001 -18"><span class='ocrx_word' id='word_1_236' title='bbox 321 4300 663 4366; x_wconf 84' lang='lat' dir='ltr'>locativum</span> <span class='ocrx_word' id='word_1_237' title='bbox 707 4302 832 4366; x_wconf 91' lang='grc'><strong>1001</strong></span> <span class='ocrx_word' id='word_1_238' title='bbox 880 4301 1178 4381; x_wconf 87' lang='lat' dir='ltr'>dicemus,</span> <span class='ocrx_word' id='word_1_239' title='bbox 1252 4301 1628 4383; x_wconf 81' lang='lat' dir='ltr'>ubicumque</span> <span class='ocrx_word' id='word_1_240' title='bbox 1700 4283 1973 4383; x_wconf 86' lang='lat' dir='ltr'>cogitare</span> <span class='ocrx_word' id='word_1_241' title='bbox 2039 4298 2189 4364; x_wconf 84' lang='lat' dir='ltr'>licet</span> <span class='ocrx_word' id='word_1_242' title='bbox 2254 4299 2407 4364; x_wconf 70' lang='lat' dir='ltr'>ubi?</span> <span class='ocrx_word' id='word_1_243' title='bbox 2477 4318 2692 4365; x_wconf 89' lang='lat' dir='ltr'>casum</span> 
     </span>
     <span class='ocr_line' id='line_1_32' title="bbox 324 4404 2689 4488; baseline -0 -17"><span class='ocrx_word' id='word_1_244' title='bbox 324 4410 536 4471; x_wconf 87' lang='lat' dir='ltr'>autem</span> <span class='ocrx_word' id='word_1_245' title='bbox 579 4407 923 4472; x_wconf 89' lang='lat' dir='ltr'>locativum</span> <span class='ocrx_word' id='word_1_246' title='bbox 969 4427 1178 4473; x_wconf 88' lang='lat' dir='ltr'>omnes</span> <span class='ocrx_word' id='word_1_247' title='bbox 1226 4408 1457 4472; x_wconf 84' lang='lat' dir='ltr'>formas</span> <span class='ocrx_word' id='word_1_248' title='bbox 1507 4407 1733 4488; x_wconf 91' lang='lat' dir='ltr'>quibus</span> <span class='ocrx_word' id='word_1_249' title='bbox 1765 4404 2272 4488; x_wconf 85' lang='lat' dir='ltr'>Indogermanice</span> <span class='ocrx_word' id='word_1_250' title='bbox 2319 4407 2429 4470; x_wconf 90' lang='lat' dir='ltr'>aut</span> <span class='ocrx_word' id='word_1_251' title='bbox 2474 4406 2689 4470; x_wconf 87' lang='lat' dir='ltr'>Latine</span> 
     </span>
     <span class='ocr_line' id='line_1_33' title="bbox 320 4509 2688 4594; baseline 0 -18"><span class='ocrx_word' id='word_1_252' title='bbox 320 4513 612 4594; x_wconf 86' lang='lat' dir='ltr'>primitus</span> <span class='ocrx_word' id='word_1_253' title='bbox 657 4513 1011 4594; x_wconf 84' lang='lat' dir='ltr'>responderi</span> <span class='ocrx_word' id='word_1_254' title='bbox 1055 4513 1457 4594; x_wconf 86' lang='lat' dir='ltr'>interroganti</span> <span class='ocrx_word' id='word_1_255' title='bbox 1491 4510 1642 4577; x_wconf 69' lang='lat' dir='ltr'>ubi?</span> <span class='ocrx_word' id='word_1_256' title='bbox 1669 4513 1789 4575; x_wconf 72' lang='lat' dir='ltr'>&#39;est</span> <span class='ocrx_word' id='word_1_257' title='bbox 1818 4511 2175 4576; x_wconf 82' lang='lat' dir='ltr'>verisimile.</span> <span class='ocrx_word' id='word_1_258' title='bbox 2239 4509 2475 4574; x_wconf 85' lang='lat' dir='ltr'>Eodem</span> <span class='ocrx_word' id='word_1_259' title='bbox 2506 4510 2688 4576; x_wconf 90' lang='lat' dir='ltr'>modo</span> 
     </span>
    </p>
   </div>
  </div>
 </body>
</html>
